1971 3263
368 310 434 356 28
854 312 953 346 vno
977 310 1188 346 Tcho.

1059 376 1073 394 l

371 416 586 468 mortuo,
621 410 886 475 pecuniam
922 409 1092 458 neseio
1128 410 1388 473 quomodo
1419 410 1682 473 quaesitam

371 494 493 540 dum
513 494 621 541 vult
642 493 691 540 in
709 492 898 556 praedio
923 509 1124 556 ponere,
1149 508 1249 540 non
1281 492 1454 555 posuit
1476 493 1564 542 sed
1584 493 1685 542 abi-

371 576 504 624 ecit.¹¹
596 575 734 623 Nihil
774 576 945 623 adhuc
983 613 993 623 .
1033 614 1043 624 .
1078 575 1337 623 stultitiam
1368 592 1506 623 suam
1552 577 1685 624 cala-

369 658 541 705 mitate
565 657 843 705 vicinorum
877 658 1096 721 corrigit,
1131 664 1181 706 et
1203 657 1342 721 quod
1367 659 1684 709 stomachum

370 757 519 787 suum
546 740 730 788 damno
751 739 893 788 Tulli
917 741 1124 806 explere
1148 746 1363 788 conatus
1386 746 1478 788 est.
1525 741 1619 789 Est
1632 742 1683 790 in

370 840 428 871 eo
457 840 578 886 agro
619 822 860 871 Centuria
902 841 1015 887 quae
1054 823 1342 888 Populiana
1378 823 1682 882 nominatur,

369 906 789 970 Recuperatores‚
845 913 984 970 quae⁰
1030 924 1226 971 semper
1273 906 1349 955 M.
1379 906 1521 954 Tulli
1573 907 1682 965 suit,

368 1006 519 1052 quam
545 989 691 1037 etiam
730 997 871 1054 pater
901 993 1191 1053 possederat
1227 1027 1238 1038 .
1277 1029 1287 1038 .
1327 1004 1346 1038 .’
1374 990 1541 1053 posita
1571 1007 1684 1039 esse

366 1078 416 1120 et
433 1073 497 1119 ad
517 1074 732 1120 fundum
752 1073 859 1121 eius
876 1073 1157 1121 convenire.
1214 1072 1294 1121 Ac
1310 1073 1525 1136 primum
1542 1073 1681 1137 quod

366 1172 477 1202 eum
501 1156 667 1219 negoti
692 1156 844 1205 totius
879 1164 929 1204 et
960 1155 1227 1221 emptionis
1261 1173 1365 1204 suae
1389 1156 1682 1220 poenitebat‚

365 1239 578 1286 fundum
604 1239 938 1303 proscripsit.p
1006 1239 1139 1287 Eum
1159 1245 1324 1287 autem
1348 1246 1572 1303 emptum
1597 1239 1684 1286 ha-

361 1320 513 1368 bebat
549 1339 667 1369 cum
708 1322 849 1370 socio
885 1322 983 1370 Gn.
1011 1322 1322 1370 Aeeerronio
1349 1322 1453 1369 viro
1486 1321 1682 1386 optimo

516 1440 529 1453 .
564 1406 772 1452 modum
818 1403 1196 1467 proscripsisse.
1280 1403 1553 1452 Hominem
1594 1420 1683 1469 ap-

362 1486 534 1550 pellat.
605 1486 710 1534 Iste
734 1503 855 1534 sane
877 1487 1176 1549 adroganter
1194 1488 1336 1550 quod
1356 1488 1680 1536 commodum

361 1569 456 1616 fuit
497 1569 781 1633 respondit:
824 1586 987 1632 neque
1024 1570 1145 1617 dum
1191 1571 1314 1617 fines
1355 1575 1564 1618 auctorq
1598 1571 1683 1618 de-

362 1659 739 1700 monstraverat.
812 1651 974 1699 Mittit
996 1653 1061 1699 ad
1082 1659 1460 1716 procuratorem
1487 1653 1680 1701 litteras

361 1742 411 1782 et
431 1736 495 1782 ad
520 1735 723 1782 vilicum
741 1735 945 1782 Tullius
972 1773 983 1783 .
1021 1774 1031 1783 .
1071 1774 1083 1783 .
1121 1774 1134 1784 .
1169 1737 1417 1783 facturum
1440 1736 1643 1798 negavit
1663 1754 1678 1784 ι

361 1816 460 1864 illis
497 1818 792 1865 absentibus
820 1819 942 1865 fines
968 1817 1250 1866 Acerronio
1285 1818 1678 1868 demonstravit:

361 1917 523 1963 neque
545 1906 708 1948 tamen
734 1901 864 1948 hanc
900 1900 1194 1949 Centuriam
1230 1900 1571 1964 Populianam
1594 1918 1679 1950 va-

362 1998 507 2028 cuam
553 1982 774 2029 tradidit.
846 1984 1157 2030 Acerronius
1205 1985 1466 2045 quomodo
1506 1985 1691 2049 potuit:

362 2066 504 2112 sedet
521 2072 533 2088 ¹
568 2082 707 2113 orare
726 2082 789 2113 ex
828 2101 1091 2115 ......
1115 2065 1314 2132 agmine
1334 2065 1581 2117 eiusmodi
1606 2085 1680 2117 se-

361 2147 667 2195 niustulatus
692 2148 883 2210 effugit.

424 2230 656 2279 Adducit
684 2231 778 2279 iste
798 2231 986 2279 interea
1013 2230 1063 2278 in
1088 2230 1271 2279 saltum
1296 2233 1524 2282 homines
1550 2234 1678 2283 elec-

407 2395 421 2410 ¹¹
447 2391 585 2425 Eadem
611 2391 681 2425 fere
706 2391 884 2425 locutione
901 2390 1115 2424 contrarium
1131 2389 1218 2423 dicit
1233 2389 1328 2423 idem
1346 2389 1471 2423 Cicero
1488 2390 1676 2435 philippic.

361 2445 414 2470 ιιι.
442 2449 519 2481 cap.
538 2448 573 2472 ιι.
601 2438 645 2471 de
675 2437 874 2471 Octaviano
904 2441 924 2454 ‘⁸
942 2436 1195 2480 patrimonium
1224 2447 1327 2470 suum
1356 2437 1490 2470 effudit.
1539 2437 1679 2478 Quam-

362 2486 383 2500 ‘⁶
402 2495 507 2527 quani
532 2495 602 2518 non
621 2495 698 2518 sum
716 2495 802 2517 usus
818 2494 861 2517 eo
876 2484 983 2518 verbo
1000 2494 1070 2527 quo
1088 2483 1206 2517 debui.
1254 2483 1337 2516 Non
1354 2483 1449 2517 enim
1462 2483 1597 2528 effudit,
1610 2483 1674 2518 sed

362 2532 381 2547 “
399 2530 434 2563 in
447 2532 560 2565 salute
571 2531 655 2575 reip.
672 2530 892 2565 collocavit?

407 2582 422 2595 ⁰
447 2577 536 2610 Cod.
553 2578 620 2623 qni.

407 2627 423 2648 1’
450 2624 614 2657 Fundam
628 2624 856 2667 proscribere,
872 2626 926 2657 est
941 2623 1104 2658 venalem
1119 2632 1326 2667 proponere.

407 2675 422 2695 ἢ
449 2670 591 2703 Scilicet
608 2671 739 2704 l'abius
754 2671 927 2704 venditor.

407 2720 419 2736 ³
443 2715 565 2750 Sedere
578 2717 643 2749 suit
660 2727 731 2750 non
742 2728 820 2750 raro
836 2718 931 2760 apud
945 2717 1093 2750 Latinos
1107 2715 1252 2749 verbum
1266 2715 1553 2760 supplicantium.
1600 2718 1636 2751 N
1637 2729 1675 2752 c-

359 2773 424 2807 pos
438 2763 473 2796 in
500 2763 677 2796 Pausania
691 2773 744 2796 μ’.
791 2765 811 2781 “
829 2763 948 2803 Quem
969 2773 1051 2796 eum
1077 2761 1271 2806 supplicem
1297 2762 1368 2795 Dei
1391 2762 1527 2797 videret
1549 2762 1586 2798 iu
1611 2776 1674 2799 ara

360 2814 382 2826 ⁴⁶
399 2810 616 2842 sedentem.”
661 2809 779 2843 Tibul.
798 2810 877 2843 Lib.
894 2812 928 2844 2.
954 2810 1056 2853 Eleg.
1079 2812 1112 2844 7.
1137 2819 1169 2843 v.
1190 2811 1243 2844 15.
1281 2810 1303 2827 ‘⁶
1320 2808 1420 2844 Illius
1433 2810 1479 2844 ad
1493 2810 1673 2846 tumulum

357 2855 490 2900 fugiam
504 2856 724 2901 supplexque
742 2856 906 2890 sedebo.''
