1971 3263
695 296 795 331 PRo
825 295 1033 332 scAURo.
1461 296 1481 337 1
1494 296 1517 338 1

283 391 443 439 Venio
466 407 596 438 nunc
617 391 683 438 ad
700 397 866 449 testes,
903 391 955 438 in
988 389 1171 454 quibus
1204 388 1399 438 docebo
1420 405 1521 436 non

219 475 371 523 modo
409 475 599 521 nullam
641 474 788 521 fidem
825 481 874 521 et
914 472 1279 528 auctoritatem,
1331 472 1423 519 sed
1460 488 1522 518 ne

218 557 432 621 speciem
473 556 680 619 quidem
720 573 829 604 esse
869 563 956 603 aut
995 556 1257 619 imaginem
1304 554 1521 602 testium.

218 636 416 686 Etenim
460 640 606 686 fidem
648 638 861 702 primum
909 639 1017 702 ipsa
1064 638 1197 685 tollit
1244 636 1521 693 consensio,

218 737 333 785 quae
355 721 456 769 late
482 722 613 769 facta
648 731 724 768 est
765 719 1126 783 compromisso
1165 719 1443 766 Sardorum
1476 723 1526 765 et

219 802 557 851 coniuratione
603 802 830 864 rogitata.
902 801 1102 849 Deinde
1145 801 1231 848 illa
1272 801 1526 864 cupiditas

218 901 332 948 quae
356 893 590 948 suscepta
623 894 700 932 est
733 903 821 949 spe
858 894 908 932 et
939 883 1266 949 promissione
1302 882 1528 946 praetnio-

218 984 343 1015 rum.
401 967 663 1015 Postremo
686 967 797 1031 ipsa
821 967 990 1023 Natio,
1018 966 1159 1013 cuius
1175 972 1316 1012 tanta
1331 964 1526 1011 vanitas

217 1055 307 1107 est,
342 1055 396 1097 ut
431 1049 712 1097 libertatem
733 1066 762 1096 a
785 1049 1022 1096 servitute
1045 1048 1187 1094 nulla
1215 1064 1267 1094 re
1299 1047 1406 1103 alia,
1432 1046 1528 1094 nisi

217 1132 489 1180 mentiendi
513 1132 717 1180 licentia
748 1129 1149 1191 distinguendam
1182 1127 1362 1191 putet.h
1429 1128 1528 1175 Ne-

220 1231 319 1277 que
343 1231 434 1277 ego
471 1214 746 1262 Sardorum
780 1211 1013 1276 querellis
1045 1211 1232 1259 moveri
1270 1227 1362 1258 nos
1385 1227 1529 1257 num-

222 1312 372 1360 quam
398 1305 627 1360 oportere
645 1295 754 1343 aio.i
821 1294 940 1342 Non
973 1311 1084 1342 sum
1125 1300 1211 1341 aut
1249 1300 1351 1340 tam
1390 1293 1530 1340 inhu-

219 1394 412 1434 manus,
450 1385 534 1424 aut
576 1385 675 1425 tam
716 1378 908 1424 alienus
955 1393 985 1423 a
1031 1376 1217 1433 Sardis,
1256 1375 1530 1439 praesertim

221 1476 333 1508 cum
354 1459 530 1508 Frater
550 1476 690 1507 meus
714 1476 874 1521 nuper
898 1459 961 1505 ab
987 1458 1062 1505 his
1088 1458 1376 1513 decesserit,
1415 1474 1530 1505 cum

220 1541 291 1589 rei
314 1542 649 1588 frumentariae
671 1541 769 1588 Gn.
791 1540 1004 1604 Pompei
1030 1541 1187 1587 missu
1213 1538 1531 1604 praefuisset.k

224 1622 324 1678 Qui
342 1630 391 1670 et
414 1623 521 1686 ipse
544 1622 643 1669 illis
668 1639 759 1685 pro
782 1640 873 1669 sua
896 1624 994 1692 fide
1017 1632 1066 1669 et
1085 1623 1392 1670 humanitate
1418 1639 1533 1670 con-

223 1705 392 1762 suluit,
419 1712 466 1752 et
489 1705 559 1752 eis
579 1704 794 1752 vicissim
812 1721 1049 1768 percarus
1069 1712 1116 1752 et
1138 1706 1395 1752 iucundus
1418 1707 1528 1753 fuit.

268 1862 284 1883 ¹¹
301 1864 405 1908 Saepe
422 1864 545 1897 Cicero
561 1864 597 1897 in
611 1864 739 1896 Sardos
754 1864 916 1896 invectus
928 1867 993 1897 est.
1043 1863 1085 1896 In
1102 1863 1200 1896 Orat.
1219 1864 1263 1896 de
1281 1864 1382 1897 Prov.
1402 1863 1533 1897 Consil.

224 1919 289 1943 vn.
315 1911 400 1943 dicit
418 1921 478 1944 eos
493 1916 711 1944 mastrucatos
729 1909 930 1943 latrunculos
945 1910 1027 1953 (fuit
1053 1918 1173 1943 antem
1199 1917 1376 1943 mastruca
1392 1911 1533 1943 Sardin-

224 1956 321 1989 iense
336 1957 549 1990 vocabulum
567 1962 712 1990 sconeae
730 1957 862 1997 vestis).
911 1956 1025 2000 Epist.
1049 1957 1094 1989 ad
1120 1957 1244 1990 famil.
1272 1957 1352 1989 Lib.
1384 1967 1448 1992 vn.
1477 1960 1533 1991 24.

228 2003 272 2036 de
287 2003 439 2046 Tigellio
455 2003 565 2036 Sardo
581 2003 648 2036 ait:
675 2006 695 2019 ⁴⁴
712 2003 748 2035 in
765 2004 871 2036 luc1is
901 2013 994 2046 pono
1021 2014 1091 2035 non
1116 2004 1202 2036 ferre
1243 2003 1423 2036 hominem
1456 2014 1534 2047 pes-

226 2051 247 2065 “
272 2048 482 2082 tilentiorem
510 2049 622 2092 patria
650 2051 745 2082 sua.''
793 2049 1002 2092 Ibidemque
1034 2052 1059 2066 ‘⁵'
1079 2049 1203 2082 Habes
1232 2050 1360 2082 Sardos
1392 2051 1534 2082 venales

227 2097 247 2111 ‘·'
275 2095 382 2128 alium
399 2095 467 2128 alio
484 2096 719 2138 nequiorem.''
766 2096 870 2128 Tum.
887 2105 938 2129 rx.
955 2099 986 2129 7.
1013 2096 1056 2128 de
1074 2095 1235 2128 Sardinia
1252 2097 1319 2130 ait:
1347 2100 1367 2112 ‘⁶
1387 2095 1463 2128 Nee
1482 2096 1535 2128 ul-

229 2143 249 2158 “
274 2142 348 2174 lum
364 2141 469 2174 habet
480 2141 632 2184 (Caesar)
648 2142 821 2184 praedium
839 2142 1003 2183 deterius,
1017 2142 1081 2175 sed
1094 2147 1213 2174 tamen
1225 2153 1294 2174 non
1308 2142 1534 2175 contemnit.''

228 2187 299 2220 Sed
315 2187 479 2220 nimirum
497 2187 669 2228 Ciceroni,
689 2188 884 2231 praesertim
901 2189 937 2220 in
961 2188 1199 2227 Orationibus,
1225 2188 1281 2221 hic
1300 2199 1375 2221 mos
1392 2189 1469 2221 suit.
1496 2191 1536 2221 ut

228 2234 273 2266 ad
287 2234 494 2266 elevandam
510 2234 654 2266 testium
670 2234 946 2267 adversariorum
959 2235 1074 2268 fidem.
1100 2245 1159 2267 eas
1170 2241 1293 2277 gentes
1309 2235 1535 2277 vituperaret,

229 2280 275 2313 ad
302 2290 389 2323 quas
406 2280 429 2312 ii
448 2291 550 2313 suum
566 2290 678 2322 genus
694 2281 870 2314 referrent.
919 2281 976 2313 Sic
1002 2281 1038 2313 in
1069 2281 1166 2312 Orat.
1195 2291 1257 2323 pro
1287 2281 1428 2321 flacco,
1453 2280 1536 2324 quia

228 2329 336 2359 testes
364 2326 550 2359 adversarii
577 2331 676 2358 erant
702 2327 820 2369 graeci,
845 2337 998 2369 graecam
1027 2330 1169 2369 gentem
1193 2326 1425 2359 aetrbissiniis
1453 2337 1536 2358 con-

229 2372 384 2405 tumeliis
397 2373 583 2416 perfundit.
633 2372 681 2405 Et
698 2373 733 2404 in
747 2373 843 2405 Orat.
862 2384 923 2416 pro
939 2373 1088 2405 fonteio
1102 2377 1141 2405 ut
1156 2372 1275 2405 Gallos
1294 2376 1399 2406 testes
1417 2372 1536 2406 infrin-

230 2422 302 2462 gat,
325 2419 423 2461 genti
435 2419 581 2452 Gallicae
598 2419 787 2452 maledicit.

276 2464 284 2485 ⁵
300 2465 406 2498 Addo
418 2466 482 2505 aio,
507 2466 602 2509 quod
618 2466 715 2497 deest
732 2465 769 2498 in
785 2465 928 2498 Codice.

276 2510 292 2532 k
306 2511 400 2544 Vide
417 2512 580 2555 epistolas
607 2512 723 2554 plures
745 2511 862 2544 Marci
888 2512 1067 2545 Ciceronis
1095 2512 1174 2546 Lib.
1190 2522 1228 2546 11.
1253 2512 1298 2545 ad
1315 2512 1358 2552 Q.
1377 2512 1534 2546 Fratrem

232 2559 270 2592 in
285 2557 446 2591 Sardinia
461 2558 659 2600 degentem.
694 2558 772 2591 lam
787 2569 867 2590 vero
885 2569 930 2591 ex
946 2558 1012 2591 hoc
1029 2559 1106 2592 loco
1123 2558 1302 2591 Orationis
1318 2563 1428 2602 patet,
1440 2559 1537 2601 quod

232 2604 316 2637 olim
343 2603 474 2637 Paulus
497 2604 684 2637 Manutius
711 2605 746 2637 in
763 2604 1025 2637 Commentario
1042 2605 1087 2637 ad
1105 2605 1216 2648 Epist.
1236 2614 1259 2637 1.
1282 2604 1386 2637 huius
1401 2605 1480 2639 Lib.
1498 2615 1535 2639 Π.

234 2650 431 2694 suspicatus
445 2651 567 2692 suerat,
594 2650 637 2690 Q.
653 2662 781 2694 nempe
803 2651 1010 2684 Ciceronem
1026 2661 1096 2683 1101]
1114 2652 1182 2684 alia
1199 2661 1304 2694 quam
1317 2651 1367 2684 rei
1385 2650 1539 2684 frumen·

233 2697 331 2729 tariae
346 2707 453 2729 causa
481 2708 501 2730 a
530 2698 697 2741 Pompeio
715 2697 749 2730 in
768 2697 963 2730 Sardiniam
990 2696 1096 2729 fuisse
1123 2698 1280 2730 missum.
1330 2698 1377 2730 Et
1392 2698 1537 2740 quidem

238 2742 444 2786 Pompeium
461 2754 581 2778 curam
597 2744 745 2788 gessisse
767 2744 818 2778 rei
839 2743 1075 2778 frumentariae
1093 2748 1191 2790 patet
1207 2755 1253 2778 ex
1271 2743 1368 2778 Orat.
1385 2754 1447 2788 pro
1464 2744 1539 2777 Do-

236 2798 295 2824 mo
311 2800 375 2825 sua
389 2800 424 2826 Χ,
