1918 3254
416 281 436 334 ²1
452 291 509 335 12
895 288 999 324 PRO
1024 288 1155 324 PLAN
1162 289 1259 325 clo,

475 388 545 438 Et
573 387 826 437 'verissime
864 392 1061 436 constat
1096 387 1146 434 in
1176 387 1338 451 prima
1370 389 1716 438 adulescentia

409 472 648 521 Rhodum
675 470 932 534 navigasse
959 470 1049 521 M.
1075 469 1315 528 Tullium,
1340 477 1398 519 ut
1419 479 1526 520 arte
1557 478 1717 521 orato-

406 556 491 611 ria,
518 555 564 601 in
592 559 695 617 qua
724 554 981 617 insigniter
1009 553 1253 618 praestitit,
1291 554 1569 602 erudiretur
1591 561 1715 619 aput

403 636 718 685 notissimum
755 638 955 694 rhetora
984 641 1034 685 et
1059 636 1352 699 magistrum
1387 636 1518 684 illius
1556 637 1713 685 aetatis

403 718 775 784 Apollonium.‘¹
827 718 1047 768 Hic-fest
1061 719 1150 784 qui
1167 718 1313 767 Molo
1335 719 1715 782 cognominatus

403 808 493 850 est.

467 884 532 933 IN
580 900 645 933 Eo
693 900 767 932 ME
817 898 1272 958 REPREHENDIsTI,
1315 891 1462 933 onon·
1500 899 1711 933 NIMIUM

404 983 613 1016 MULTos
639 983 1033 1016 DEFENDEREM:
1070 983 1286 1015 UTINAM
1314 983 1380 1014 ET
1407 983 1474 1014 TU
1509 983 1599 1016 QUI
1626 982 1714 1015 Po-

401 1059 512 1108 TES,
540 1067 606 1099 ET
631 1053 841 1109 CETERI,
868 1066 958 1100 QUI
986 1065 1314 1106 DEFUGIUNT,
1334 1065 1598 1098 -VELLENT
1633 1065 1708 1098 ME
1746 1071 1749 1073 ·

402 1148 609 1181 LABORE
636 1149 738 1181 Hoc
765 1134 1002 1180 LEVARE!

467 1214 602 1263 Mira
626 1232 742 1264 cum
776 1214 1077 1263 verecundia
1108 1219 1156 1261 et
1187 1214 1530 1262 moderatione
1565 1218 1615 1261 et
1637 1230 1712 1262 ce-

398 1304 619 1346 terorum
640 1297 838 1360 ingenia
862 1296 1125 1360 depressit,
1163 1302 1214 1343 et
1250 1310 1393 1343 suam
1415 1295 1466 1343 in
1490 1295 1709 1345 dicendo

397 1379 736 1444 praestantiam
768 1378 1001 1426 omnibus
1033 1378 1330 1441 anteposuit,
1369 1380 1570 1442 quando
1606 1395 1712 1443 gra-

397 1462 559 1512 viores
584 1478 763 1510 causas
791 1461 866 1508 illi
891 1460 1259 1518 declinaverint,
1284 1477 1380 1510 non
1415 1462 1711 1511 sufficientes

399 1545 665 1610 implendae
701 1544 988 1602 defensioni,
1012 1543 1118 1609 ipse
1141 1561 1255 1593 vero
1288 1545 1710 1593 confidentissime

398 1629 706 1693 susceperit,
746 1641 848 1692 quo
882 1632 1060 1691 agente
1092 1644 1207 1674 reus
1242 1627 1479 1676 innocens
1514 1628 1710 1676 indubi-

398 1715 555 1760 tatam
579 1712 674 1760 sibi
699 1728 837 1776 spem
857 1710 1079 1759 victoriae
1103 1709 1439 1773 polliceretur.

462 1794 918 1843 ADMONEFECISTI
964 1808 1152 1850 ETIAM,
1206 1808 1345 1842 QUOD
1395 1809 1455 1840 IN
1511 1793 1695 1841 CRETA

401 1884 645 1934 FUISSES,g
669 1892 877 1924 DICTUM
898 1890 1133 1925 ALIQUOD
1152 1891 1209 1922 IN
1239 1891 1538 1923 PETITIONE
1556 1891 1669 1923 TUM
1684 1873 1702 1899 ¹¹

401 1974 515 2008 chl
543 1975 811 2008 POTUISSE.

464 2040 555 2090 Ad
577 2042 904 2091 Scolasticam
932 2040 1179 2088 levitatem
1209 2049 1255 2089 et
1285 2040 1428 2105 quasi
1462 2040 1709 2089 mimicam

400 2124 622 2189 *spectati
656 2123 947 2173 huiusmodi
980 2124 1137 2174 locus,
1210 2123 1299 2172 ‚Mi
1324 2123 1552 2171 Tullium
1574 2123 1709 2172 vide-

445 2300 460 2322 ἃ
488 2301 580 2335 Rem
595 2301 713 2336 narrat
727 2301 803 2346 ipse
817 2301 956 2335 Tullius
967 2300 1004 2335 in
1022 2301 1136 2336 Bruto
1150 2308 1225 2335 xci.
1248 2301 1269 2318 “
1290 2300 1459 2334 Rhodum
1470 2300 1562 2342 veni,
1579 2309 1707 2342 meque

399 2348 421 2365 “
448 2348 493 2382 ad
509 2349 675 2389 eundem,
701 2360 807 2392 quem
822 2349 947 2382 Romae
965 2348 1179 2389 audiveram,
1203 2346 1399 2385 Molonem,
1415 2347 1600 2391 applicavi,
1625 2356 1706 2380 cum

399 2396 421 2412 ⁴‘
448 2397 602 2428 actorem
618 2396 654 2428 in
671 2396 760 2429 veris
781 2395 909 2435 causis,
936 2395 1211 2438 scriptoremque
1228 2397 1468 2437 praestantem,
1485 2397 1561 2426 tum
1585 2393 1623 2426 in
1643 2403 1707 2426 no-

400 2440 422 2458 “
447 2441 574 2481 tandis,
591 2440 981 2485 animadvertendisque
993 2441 1097 2480 vitiis,
1110 2444 1147 2475 et
1158 2440 1376 2474 instituendo
1387 2440 1618 2482 docendoque
1627 2449 1708 2482 pru-

400 2490 422 2505 “
448 2488 703 2522 (lentissimum.
750 2488 788 2521 Is
804 2488 903 2521 dedit
919 2498 1062 2531 operam
1085 2488 1130 2531 (si
1151 2488 1257 2520 modo
1277 2487 1314 2520 id
1329 2486 1497 2529 consequi
1512 2485 1644 2529 potuit)
1667 2488 1708 2518 ut

401 2535 422 2551 ‘⁶
448 2534 552 2568 nimis
568 2534 808 2567 redundantes
820 2545 896 2575 nos,
913 2538 949 2567 et
962 2535 1216 2577 superfluentes
1231 2533 1373 2566 iuvenili
1386 2533 1541 2576 quadam
1563 2531 1706 2564 dicendi

402 2583 426 2597 “
449 2580 658 2624 impunitate
675 2584 710 2614 et
726 2580 1093 2625 licentiaseprimeret,
1118 2583 1154 2614 et
1168 2579 1267 2624 quasi
1284 2583 1384 2613 extra
1400 2579 1493 2622 ripas
1509 2578 1706 2611 diffluentes

402 2628 424 2645 “
448 2628 658 2660 coereei·et.”
1561 2653 1564 2658 .

449 2671 459 2692 s
481 2674 646 2717 Supplevi
663 2674 726 2708 hie.
867 2679 882 2701 ἕ
907 2672 1125 2718 Cod.fuisse;
1278 2670 1293 2692 ¹¹
1320 2671 1412 2705 Edd.
1430 2677 1487 2705 tna
1500 2682 1563 2715 pro
1578 2677 1659 2705 tum.

447 2718 455 2739 ⁵
480 2720 606 2753 Codex
632 2720 818 2754 scolastica
843 2719 973 2754 levitate
998 2720 1093 2765 qnasi
1116 2718 1240 2753 nimica
1263 2724 1438 2764 spectante.
1486 2718 1593 2751 Porro
1611 2717 1706 2762 quod

402 2766 529 2800 attinet
546 2766 588 2799 ad
606 2768 818 2800 vocabulum
841 2766 1023 2807 scolastica,
1040 2766 1077 2799 id
1094 2766 1168 2800 sine
1187 2765 1422 2810 adspiratione
1439 2764 1612 2806 scribitur,
1635 2764 1707 2798 sive

400 2812 581 2852 mendose,
599 2814 672 2846 sive
695 2814 803 2847 etiam
827 2814 871 2847 de
893 2812 1077 2846 industria.
1125 2813 1251 2846 Cicero
1268 2811 1413 2856 quidem
1431 2811 1560 2844 Orator
1577 2819 1708 2844 XLvul.

401 2859 469 2894 ait:
504 2861 525 2877 “
543 2859 640 2900 Quin
664 2871 731 2905 ego
757 2860 843 2905 ipsc,
870 2870 951 2893 cum
974 2859 1101 2893 scirem
1125 2859 1176 2893 ita
1203 2858 1363 2894 Maiores
1387 2855 1644 2902 locutos‘csse,
1668 2859 1708 2891 ut
