<?xml version="1.0" encoding="UTF-8"?>
<!DOCTYPE html PUBLIC "-//W3C//DTD XHTML 1.0 Transitional//EN"
    "http://www.w3.org/TR/xhtml1/DTD/xhtml1-transitional.dtd">
<html xmlns="http://www.w3.org/1999/xhtml" xml:lang="en" lang="en">
 <head>
  <title>
</title>
<meta http-equiv="Content-Type" content="text/html;charset=utf-8" />
  <meta name='ocr-system' content='tesseract 3.04.00' />
  <meta name='ocr-capabilities' content='ocr_page ocr_carea ocr_par ocr_line ocrx_word'/>
</head>
<body>
  <div class='ocr_page' id='page_1' title='image "./sexorationumfrag00ciceuoft_0222.png"; bbox 0 0 1918 3254; ppageno 0'>
   <div class='ocr_carea' id='block_1_1' title="bbox 282 1699 397 1735">
    <p class='ocr_par' dir='ltr' id='par_1_1' title="bbox 282 1699 397 1735">
     <span class='ocr_line' id='line_1_1' title="bbox 282 1699 397 1735; baseline 0.017 -2"><span class='ocrx_word' id='word_1_1' title='bbox 282 1699 327 1733; x_wconf 72' lang='lat' dir='ltr'>N.</span> <span class='ocrx_word' id='word_1_2' title='bbox 340 1701 397 1735; x_wconf 89' lang='lat'>99.</span> 
     </span>
    </p>
   </div>
   <div class='ocr_carea' id='block_1_2' title="bbox 432 310 1265 356">
    <p class='ocr_par' dir='ltr' id='par_1_2' title="bbox 432 310 1265 356">
     <span class='ocr_line' id='line_1_2' title="bbox 432 310 1265 356; baseline -0.001 -9"><span class='ocrx_word' id='word_1_3' title='bbox 432 313 454 356; x_wconf 92' lang='lat'>1</span> <span class='ocrx_word' id='word_1_4' title='bbox 466 312 524 356; x_wconf 84' lang='lat'>16</span> <span class='ocrx_word' id='word_1_5' title='bbox 901 310 1003 346; x_wconf 86' lang='lat' dir='ltr'>PRO</span> <span class='ocrx_word' id='word_1_6' title='bbox 1027 310 1265 346; x_wconf 86' lang='lat' dir='ltr'><strong>PLANCIO.</strong></span> 
     </span>
    </p>
   </div>
   <div class='ocr_carea' id='block_1_3' title="bbox 412 442 1746 2323">
    <p class='ocr_par' dir='ltr' id='par_1_3' title="bbox 430 442 1743 562">
     <span class='ocr_line' id='line_1_3' title="bbox 431 442 1743 482; baseline 0.004 -5"><span class='ocrx_word' id='word_1_7' title='bbox 431 443 681 478; x_wconf 77' lang='lat' dir='ltr'>RISSIMOS</span> <span class='ocrx_word' id='word_1_8' title='bbox 714 442 1031 477; x_wconf 81' lang='lat' dir='ltr'>TRIUMPHos</span> <span class='ocrx_word' id='word_1_9' title='bbox 1065 444 1276 477; x_wconf 83' lang='lat' dir='ltr'>GLORIAE</span> <span class='ocrx_word' id='word_1_10' title='bbox 1315 444 1490 480; x_wconf 84' lang='lat' dir='ltr'><strong>LAUDE</strong></span> <span class='ocrx_word' id='word_1_11' title='bbox 1522 447 1743 482; x_wconf 78' lang='lat' dir='ltr'>SUPERA-</span> 
     </span>
     <span class='ocr_line' id='line_1_4' title="bbox 430 527 1655 562; baseline 0.002 -2"><span class='ocrx_word' id='word_1_12' title='bbox 430 527 538 560; x_wconf 86' lang='lat' dir='ltr'>v1T.</span> <span class='ocrx_word' id='word_1_13' title='bbox 1653 559 1655 562; x_wconf 86' lang='lat'>.</span> 
     </span>
    </p>

    <p class='ocr_par' dir='ltr' id='par_1_4' title="bbox 414 593 1746 1825">
     <span class='ocr_line' id='line_1_5' title="bbox 495 593 1743 660; baseline 0.003 -17"><span class='ocrx_word' id='word_1_14' title='bbox 495 594 627 643; x_wconf 88' lang='lat' dir='ltr'>Cum</span> <span class='ocrx_word' id='word_1_15' title='bbox 661 593 988 659; x_wconf 87' lang='lat' dir='ltr'>semetipsum</span> <span class='ocrx_word' id='word_1_16' title='bbox 1019 594 1388 660; x_wconf 87' lang='lat' dir='ltr'>praepositurus</span> <span class='ocrx_word' id='word_1_17' title='bbox 1425 596 1491 645; x_wconf 90' lang='lat' dir='ltr'>sit</span> <span class='ocrx_word' id='word_1_18' title='bbox 1528 598 1606 652; x_wconf 85' lang='lat' dir='ltr'>.Q.</span> <span class='ocrx_word' id='word_1_19' title='bbox 1636 596 1743 646; x_wconf 87' lang='lat' dir='ltr'>Me-</span> 
     </span>
     <span class='ocr_line' id='line_1_6' title="bbox 426 677 1743 743; baseline 0.002 -17"><span class='ocrx_word' id='word_1_20' title='bbox 426 677 546 726; x_wconf 92' lang='lat' dir='ltr'>tello</span> <span class='ocrx_word' id='word_1_21' title='bbox 583 677 876 735; x_wconf 89' lang='lat' dir='ltr'>Numidico,</span> <span class='ocrx_word' id='word_1_22' title='bbox 925 685 975 726; x_wconf 88' lang='lat' dir='ltr'>et</span> <span class='ocrx_word' id='word_1_23' title='bbox 1012 679 1155 726; x_wconf 89' lang='lat' dir='ltr'>illum</span> <span class='ocrx_word' id='word_1_24' title='bbox 1188 684 1358 726; x_wconf 90' lang='lat' dir='ltr'>tamen</span> <span class='ocrx_word' id='word_1_25' title='bbox 1397 679 1743 743; x_wconf 83' lang='lat' dir='ltr'>copiosissime</span> 
     </span>
     <span class='ocr_line' id='line_1_7' title="bbox 423 760 1745 827; baseline 0.002 -19"><span class='ocrx_word' id='word_1_26' title='bbox 423 760 616 818; x_wconf 87' lang='lat' dir='ltr'>laudat,</span> <span class='ocrx_word' id='word_1_27' title='bbox 656 766 706 821; x_wconf 64' lang='lat' dir='ltr'>et</span> <span class='ocrx_word' id='word_1_28' title='bbox 729 761 795 808; x_wconf 89' lang='lat' dir='ltr'>ad</span> <span class='ocrx_word' id='word_1_29' title='bbox 815 761 1076 824; x_wconf 84' lang='lat' dir='ltr'>quoddam</span> <span class='ocrx_word' id='word_1_30' title='bbox 1099 762 1352 825; x_wconf 86' lang='lat' dir='ltr'>egregium</span> <span class='ocrx_word' id='word_1_31' title='bbox 1373 762 1630 827; x_wconf 84' lang='lat' dir='ltr'>specimen</span> <span class='ocrx_word' id='word_1_32' title='bbox 1653 762 1745 810; x_wconf 88' lang='lat' dir='ltr'>vir-</span> 
     </span>
     <span class='ocr_line' id='line_1_8' title="bbox 423 843 1746 908; baseline 0.002 -17"><span class='ocrx_word' id='word_1_33' title='bbox 423 843 546 892; x_wconf 87' lang='lat' dir='ltr'>tutis</span> <span class='ocrx_word' id='word_1_34' title='bbox 585 843 891 908; x_wconf 88' lang='lat' dir='ltr'>amplificat:</span> <span class='ocrx_word' id='word_1_35' title='bbox 935 845 1076 908; x_wconf 90' lang='lat' dir='ltr'>quod</span> <span class='ocrx_word' id='word_1_36' title='bbox 1133 845 1366 893; x_wconf 89' lang='lat' dir='ltr'>maluerit</span> <span class='ocrx_word' id='word_1_37' title='bbox 1405 845 1456 893; x_wconf 91' lang='lat' dir='ltr'>in</span> <span class='ocrx_word' id='word_1_38' title='bbox 1496 844 1746 902; x_wconf 73' lang='lat' dir='ltr'>exilium,‘</span> 
     </span>
     <span class='ocr_line' id='line_1_9' title="bbox 422 926 1742 992; baseline 0.001 -18"><span class='ocrx_word' id='word_1_39' title='bbox 422 943 577 991; x_wconf 88' lang='lat' dir='ltr'>quam</span> <span class='ocrx_word' id='word_1_40' title='bbox 610 926 777 974; x_wconf 84' lang='lat' dir='ltr'>iurare</span> <span class='ocrx_word' id='word_1_41' title='bbox 820 927 873 975; x_wconf 93' lang='lat' dir='ltr'>in</span> <span class='ocrx_word' id='word_1_42' title='bbox 912 928 1160 991; x_wconf 84' lang='lat' dir='ltr'>agrariam</span> <span class='ocrx_word' id='word_1_43' title='bbox 1208 927 1371 992; x_wconf 86' lang='lat' dir='ltr'>legem</span> <span class='ocrx_word' id='word_1_44' title='bbox 1411 927 1628 976; x_wconf 86' lang='lat' dir='ltr'>Tribuni</span> <span class='ocrx_word' id='word_1_45' title='bbox 1672 927 1742 992; x_wconf 88' lang='lat' dir='ltr'>pl.</span> 
     </span>
     <span class='ocr_line' id='line_1_10' title="bbox 421 1009 1744 1075; baseline -0.002 -15"><span class='ocrx_word' id='word_1_46' title='bbox 421 1009 615 1075; x_wconf 87' lang='lat' dir='ltr'>Apulei</span> <span class='ocrx_word' id='word_1_47' title='bbox 655 1010 950 1059; x_wconf 73' lang='lat' dir='ltr'>Saturnini.g</span> <span class='ocrx_word' id='word_1_48' title='bbox 1025 1010 1218 1058; x_wconf 85' lang='lat' dir='ltr'>Verum</span> <span class='ocrx_word' id='word_1_49' title='bbox 1255 1011 1364 1067; x_wconf 90' lang='lat' dir='ltr'>sibi,</span> <span class='ocrx_word' id='word_1_50' title='bbox 1403 1017 1461 1058; x_wconf 92' lang='lat' dir='ltr'>ut</span> <span class='ocrx_word' id='word_1_51' title='bbox 1493 1027 1744 1074; x_wconf 80' lang='lat' dir='ltr'>coeperam</span> 
     </span>
     <span class='ocr_line' id='line_1_11' title="bbox 422 1090 1745 1156; baseline -0.002 -15"><span class='ocrx_word' id='word_1_52' title='bbox 422 1093 604 1150; x_wconf 85' lang='lat' dir='ltr'>dicere,</span> <span class='ocrx_word' id='word_1_53' title='bbox 652 1093 763 1156; x_wconf 90' lang='lat' dir='ltr'>ipse</span> <span class='ocrx_word' id='word_1_54' title='bbox 808 1090 1015 1139; x_wconf 88' lang='lat' dir='ltr'>Tullius</span> <span class='ocrx_word' id='word_1_55' title='bbox 1057 1092 1332 1138; x_wconf 80' lang='lat' dir='ltr'>maximam</span> <span class='ocrx_word' id='word_1_56' title='bbox 1377 1091 1580 1139; x_wconf 86' lang='lat' dir='ltr'>laudem</span> <span class='ocrx_word' id='word_1_57' title='bbox 1624 1109 1745 1156; x_wconf 81' lang='lat' dir='ltr'>prae-</span> 
     </span>
     <span class='ocr_line' id='line_1_12' title="bbox 420 1173 1744 1238; baseline -0.002 -14"><span class='ocrx_word' id='word_1_58' title='bbox 420 1175 626 1233; x_wconf 84' lang='lat' dir='ltr'>struxit,</span> <span class='ocrx_word' id='word_1_59' title='bbox 649 1174 738 1238; x_wconf 86' lang='lat' dir='ltr'>qui</span> <span class='ocrx_word' id='word_1_60' title='bbox 762 1175 829 1222; x_wconf 83' lang='lat' dir='ltr'>ad</span> <span class='ocrx_word' id='word_1_61' title='bbox 861 1173 1074 1222; x_wconf 86' lang='lat' dir='ltr'>tutelam</span> <span class='ocrx_word' id='word_1_62' title='bbox 1099 1173 1282 1220; x_wconf 85' lang='lat' dir='ltr'>salutis</span> <span class='ocrx_word' id='word_1_63' title='bbox 1308 1174 1530 1236; x_wconf 86' lang='lat' dir='ltr'>publicae</span> <span class='ocrx_word' id='word_1_64' title='bbox 1556 1173 1744 1237; x_wconf 86' lang='lat' dir='ltr'>patien-</span> 
     </span>
     <span class='ocr_line' id='line_1_13' title="bbox 417 1254 1742 1320; baseline -0.002 -13"><span class='ocrx_word' id='word_1_65' title='bbox 417 1259 537 1307; x_wconf 84' lang='lat' dir='ltr'>tiam</span> <span class='ocrx_word' id='word_1_66' title='bbox 557 1258 815 1307; x_wconf 83' lang='lat' dir='ltr'>discessus</span> <span class='ocrx_word' id='word_1_67' title='bbox 835 1255 985 1314; x_wconf 91' lang='lat' dir='ltr'>illius,</span> <span class='ocrx_word' id='word_1_68' title='bbox 1005 1254 1235 1320; x_wconf 91' lang='lat' dir='ltr'>quamvis</span> <span class='ocrx_word' id='word_1_69' title='bbox 1255 1271 1356 1302; x_wconf 92' lang='lat' dir='ltr'>non</span> <span class='ocrx_word' id='word_1_70' title='bbox 1367 1255 1608 1305; x_wconf 85' lang='lat' dir='ltr'>mediocri</span> <span class='ocrx_word' id='word_1_71' title='bbox 1624 1273 1742 1305; x_wconf 90' lang='lat' dir='ltr'>cum</span> 
     </span>
     <span class='ocr_line' id='line_1_14' title="bbox 418 1332 1743 1404; baseline -0.002 -13"><span class='ocrx_word' id='word_1_72' title='bbox 418 1343 610 1399; x_wconf 88' lang='lat' dir='ltr'>dolore,</span> <span class='ocrx_word' id='word_1_73' title='bbox 649 1338 944 1404; x_wconf 85' lang='lat' dir='ltr'>susceperit.</span> <span class='ocrx_word' id='word_1_74' title='bbox 1029 1332 1106 1387; x_wconf 86' lang='lat' dir='ltr'>Ut</span> <span class='ocrx_word' id='word_1_75' title='bbox 1137 1337 1297 1386; x_wconf 91' lang='lat' dir='ltr'>multo</span> <span class='ocrx_word' id='word_1_76' title='bbox 1335 1337 1402 1386; x_wconf 85' lang='lat' dir='ltr'>sit</span> <span class='ocrx_word' id='word_1_77' title='bbox 1437 1338 1743 1389; x_wconf 84' lang='lat' dir='ltr'>laudabilior</span> 
     </span>
     <span class='ocr_line' id='line_1_15' title="bbox 418 1421 1740 1489; baseline -0.001 -15"><span class='ocrx_word' id='word_1_78' title='bbox 418 1425 647 1482; x_wconf 89' lang='lat' dir='ltr'>Metello,</span> <span class='ocrx_word' id='word_1_79' title='bbox 675 1425 766 1489; x_wconf 88' lang='lat' dir='ltr'>qui</span> <span class='ocrx_word' id='word_1_80' title='bbox 788 1438 889 1473; x_wconf 87' lang='lat' dir='ltr'>non</span> <span class='ocrx_word' id='word_1_81' title='bbox 912 1428 1016 1472; x_wconf 89' lang='lat' dir='ltr'>tam</span> <span class='ocrx_word' id='word_1_82' title='bbox 1039 1438 1133 1487; x_wconf 88' lang='lat' dir='ltr'>pro</span> <span class='ocrx_word' id='word_1_83' title='bbox 1163 1421 1335 1486; x_wconf 82' lang='lat' dir='ltr'>vigore</span> <span class='ocrx_word' id='word_1_84' title='bbox 1358 1424 1615 1472; x_wconf 87' lang='lat' dir='ltr'>sententiae</span> <span class='ocrx_word' id='word_1_85' title='bbox 1637 1440 1740 1473; x_wconf 84' lang='lat' dir='ltr'>suae</span> 
     </span>
     <span class='ocr_line' id='line_1_16' title="bbox 414 1589 1742 1655; baseline -0.004 -13"><span class='ocrx_word' id='word_1_86' title='bbox 414 1592 768 1642; x_wconf 77' lang='lat' dir='ltr'>miserabiliter</span> <span class='ocrx_word' id='word_1_87' title='bbox 806 1591 1148 1655; x_wconf 84' lang='lat' dir='ltr'>intellegatur,</span> <span class='ocrx_word' id='word_1_88' title='bbox 1180 1589 1345 1654; x_wconf 90' lang='lat' dir='ltr'>qualis</span> <span class='ocrx_word' id='word_1_89' title='bbox 1380 1591 1537 1638; x_wconf 87' lang='lat' dir='ltr'>ferme</span> <span class='ocrx_word' id='word_1_90' title='bbox 1571 1590 1742 1654; x_wconf 83' lang='lat' dir='ltr'>lugen-</span> 
     </span>
     <span class='ocr_line' id='line_1_17' title="bbox 416 1667 1738 1740; baseline -0.004 -14"><span class='ocrx_word' id='word_1_91' title='bbox 416 1667 544 1726; x_wconf 88' lang='lat' dir='ltr'>tium</span> <span class='ocrx_word' id='word_1_92' title='bbox 566 1692 745 1725; x_wconf 88' lang='lat' dir='ltr'>maeror</span> <span class='ocrx_word' id='word_1_93' title='bbox 769 1681 860 1732; x_wconf 89' lang='lat' dir='ltr'>est,</span> <span class='ocrx_word' id='word_1_94' title='bbox 888 1690 1015 1740; x_wconf 91' lang='lat' dir='ltr'>quos</span> <span class='ocrx_word' id='word_1_95' title='bbox 1050 1674 1271 1738; x_wconf 85' lang='lat' dir='ltr'>impetus</span> <span class='ocrx_word' id='word_1_96' title='bbox 1302 1673 1466 1722; x_wconf 81' lang='lat' dir='ltr'>nimiae</span> <span class='ocrx_word' id='word_1_97' title='bbox 1511 1673 1738 1722; x_wconf 86' lang='lat' dir='ltr'>karitatis</span> 
     </span>
     <span class='ocr_line' id='line_1_18' title="bbox 415 1760 656 1825; baseline -0.008 -15"><span class='ocrx_word' id='word_1_98' title='bbox 415 1760 656 1825; x_wconf 86' lang='lat' dir='ltr'>exagitat.</span> 
     </span>
    </p>

    <p class='ocr_par' dir='ltr' id='par_1_5' title="bbox 418 1843 1735 1978">
     <span class='ocr_line' id='line_1_19' title="bbox 495 1843 1735 1893; baseline -0.002 -1"><span class='ocrx_word' id='word_1_99' title='bbox 495 1843 961 1893; x_wconf 79' lang='lat' dir='ltr'><strong>THESSALONICAM</strong></span> <span class='ocrx_word' id='word_1_100' title='bbox 1020 1856 1096 1888; x_wconf 85' lang='lat' dir='ltr'>ME</span> <span class='ocrx_word' id='word_1_101' title='bbox 1143 1855 1203 1888; x_wconf 83' lang='lat' dir='ltr'>IN</span> <span class='ocrx_word' id='word_1_102' title='bbox 1272 1855 1735 1892; x_wconf 82' lang='lat' dir='ltr'>QUAESTORIUMQUE</span> 
     </span>
     <span class='ocr_line' id='line_1_20' title="bbox 418 1942 720 1978; baseline -0.013 0"><span class='ocrx_word' id='word_1_103' title='bbox 418 1942 720 1978; x_wconf 77' lang='lat' dir='ltr'><strong>PERDUXIT.</strong></span> 
     </span>
    </p>

    <p class='ocr_par' dir='ltr' id='par_1_6' title="bbox 412 2005 1738 2323">
     <span class='ocr_line' id='line_1_21' title="bbox 482 2005 1738 2075; baseline -0.002 -16"><span class='ocrx_word' id='word_1_104' title='bbox 482 2009 782 2075; x_wconf 89' lang='lat' dir='ltr'>Hospitium</span> <span class='ocrx_word' id='word_1_105' title='bbox 805 2005 1071 2072; x_wconf 72' lang='lat' dir='ltr'>quaestoris</span> <span class='ocrx_word' id='word_1_106' title='bbox 1107 2005 1396 2069; x_wconf 86' lang='lat' dir='ltr'>significans</span> <span class='ocrx_word' id='word_1_107' title='bbox 1424 2007 1631 2071; x_wconf 88' lang='lat' dir='ltr'>proprie</span> <span class='ocrx_word' id='word_1_108' title='bbox 1665 2024 1738 2057; x_wconf 85' lang='lat' dir='ltr'>se-</span> 
     </span>
     <span class='ocr_line' id='line_1_22' title="bbox 413 2089 1734 2154; baseline -0.003 -10"><span class='ocrx_word' id='word_1_109' title='bbox 413 2095 642 2144; x_wconf 88' lang='lat' dir='ltr'>cundum</span> <span class='ocrx_word' id='word_1_110' title='bbox 683 2091 991 2141; x_wconf 87' lang='lat' dir='ltr'>vocabulum</span> <span class='ocrx_word' id='word_1_111' title='bbox 1034 2089 1374 2154; x_wconf 83' lang='lat' dir='ltr'>magistratus,</span> <span class='ocrx_word' id='word_1_112' title='bbox 1417 2089 1568 2138; x_wconf 88' lang='lat' dir='ltr'>etiam</span> <span class='ocrx_word' id='word_1_113' title='bbox 1617 2090 1734 2140; x_wconf 91' lang='lat' dir='ltr'>loco</span> 
     </span>
     <span class='ocr_line' id='line_1_23' title="bbox 412 2171 1735 2242; baseline -0.002 -17"><span class='ocrx_word' id='word_1_114' title='bbox 412 2177 512 2242; x_wconf 89' lang='lat' dir='ltr'>ipsi</span> <span class='ocrx_word' id='word_1_115' title='bbox 531 2193 712 2225; x_wconf 90' lang='lat' dir='ltr'>nomen</span> <span class='ocrx_word' id='word_1_116' title='bbox 728 2174 885 2223; x_wconf 90' lang='lat' dir='ltr'>dedit.</span> <span class='ocrx_word' id='word_1_117' title='bbox 926 2173 1079 2222; x_wconf 90' lang='lat' dir='ltr'>Nunc</span> <span class='ocrx_word' id='word_1_118' title='bbox 1095 2179 1265 2221; x_wconf 86' lang='lat' dir='ltr'>autem</span> <span class='ocrx_word' id='word_1_119' title='bbox 1280 2171 1461 2230; x_wconf 89' lang='lat' dir='ltr'>omnia,</span> <span class='ocrx_word' id='word_1_120' title='bbox 1481 2173 1532 2221; x_wconf 91' lang='lat' dir='ltr'>in</span> <span class='ocrx_word' id='word_1_121' title='bbox 1549 2173 1735 2237; x_wconf 89' lang='lat' dir='ltr'>quibus</span> 
     </span>
     <span class='ocr_line' id='line_1_24' title="bbox 412 2256 1734 2323; baseline -0.002 -14"><span class='ocrx_word' id='word_1_122' title='bbox 412 2260 562 2309; x_wconf 81' lang='lat' dir='ltr'>variae</span> <span class='ocrx_word' id='word_1_123' title='bbox 586 2258 848 2323; x_wconf 88' lang='lat' dir='ltr'>dignitatis</span> <span class='ocrx_word' id='word_1_124' title='bbox 872 2256 1113 2322; x_wconf 79' lang='lat' dir='ltr'>praesides</span> <span class='ocrx_word' id='word_1_125' title='bbox 1137 2256 1380 2316; x_wconf 87' lang='lat' dir='ltr'>habitent,</span> <span class='ocrx_word' id='word_1_126' title='bbox 1400 2257 1635 2321; x_wconf 86' lang='lat' dir='ltr'>praetoria</span> <span class='ocrx_word' id='word_1_127' title='bbox 1650 2274 1734 2306; x_wconf 91' lang='lat' dir='ltr'>no-</span> 
     </span>
    </p>
   </div>
   <div class='ocr_carea' id='block_1_4' title="bbox 412 2341 700 2393">
    <p class='ocr_par' dir='ltr' id='par_1_7' title="bbox 412 2341 700 2393">
     <span class='ocr_line' id='line_1_25' title="bbox 412 2341 700 2393; baseline -0.007 -1"><span class='ocrx_word' id='word_1_128' title='bbox 412 2341 700 2393; x_wconf 84' lang='lat' dir='ltr'>minantur.h</span> 
     </span>
    </p>
   </div>
   <div class='ocr_carea' id='block_1_5' title="bbox 1490 2460 1736 2470">
    <p class='ocr_par' dir='ltr' id='par_1_8' title="bbox 1490 2460 1736 2470">
     <span class='ocr_line' id='line_1_26' title="bbox 1490 2460 1736 2470; baseline 0 784"><span class='ocrx_word' id='word_1_129' title='bbox 1490 2460 1736 2470; x_wconf 95' lang='lat' dir='ltr'> </span> 
     </span>
    </p>
   </div>
   <div class='ocr_carea' id='block_1_6' title="bbox 410 2503 1731 2922">
    <p class='ocr_par' dir='ltr' id='par_1_9' title="bbox 458 2503 1731 2619">
     <span class='ocr_line' id='line_1_27' title="bbox 458 2503 711 2538; baseline -0.008 0"><span class='ocrx_word' id='word_1_130' title='bbox 458 2503 471 2525; x_wconf 73' lang='lat' dir='ltr'>f</span> <span class='ocrx_word' id='word_1_131' title='bbox 531 2515 586 2538; x_wconf 87' lang='lat' dir='ltr'>em</span> <span class='ocrx_word' id='word_1_132' title='bbox 615 2503 711 2537; x_wconf 86' lang='lat' dir='ltr'>cire.</span> 
     </span>
     <span class='ocr_line' id='line_1_28' title="bbox 458 2505 1731 2593; baseline -0.002 -9"><span class='ocrx_word' id='word_1_133' title='bbox 458 2556 475 2579; x_wconf 70' lang='lat' dir='ltr'><strong>g</strong></span> <span class='ocrx_word' id='word_1_134' title='bbox 493 2505 558 2585; x_wconf 47' lang='lat' dir='ltr'>lige</span> <span class='ocrx_word' id='word_1_135' title='bbox 586 2515 769 2584; x_wconf 58' lang='lat' dir='ltr'>gaturnini</span> <span class='ocrx_word' id='word_1_136' title='bbox 791 2549 872 2592; x_wconf 74' lang='lat' dir='ltr'>lege</span> <span class='ocrx_word' id='word_1_137' title='bbox 897 2547 1036 2593; x_wconf 81' lang='lat' dir='ltr'>agraria</span> <span class='ocrx_word' id='word_1_138' title='bbox 1063 2550 1100 2583; x_wconf 87' lang='lat' dir='ltr'>et</span> <span class='ocrx_word' id='word_1_139' title='bbox 1126 2547 1267 2582; x_wconf 79' lang='lat' dir='ltr'>Metelli</span> <span class='ocrx_word' id='word_1_140' title='bbox 1283 2547 1391 2582; x_wconf 84' lang='lat' dir='ltr'>exilio</span> <span class='ocrx_word' id='word_1_141' title='bbox 1417 2548 1496 2591; x_wconf 78' lang='lat' dir='ltr'>lege</span> <span class='ocrx_word' id='word_1_142' title='bbox 1523 2546 1731 2592; x_wconf 88' lang='lat' dir='ltr'>Appianum</span> 
     </span>
     <span class='ocr_line' id='line_1_29' title="bbox 557 2597 838 2619; baseline -0.004 -16"><span class='ocrx_word' id='word_1_143' title='bbox 557 2597 590 2614; x_wconf 49' lang='grc'>.,</span> <span class='ocrx_word' id='word_1_144' title='bbox 633 2597 639 2603; x_wconf 95' lang='grc'><em>.</em></span> <span class='ocrx_word' id='word_1_145' title='bbox 817 2599 838 2619; x_wconf 62' lang='lat'>0</span> 
     </span>
    </p>

    <p class='ocr_par' dir='ltr' id='par_1_10' title="bbox 410 2597 1731 2922">
     <span class='ocr_line' id='line_1_30' title="bbox 415 2597 1731 2685; baseline -0.003 -7"><span class='ocrx_word' id='word_1_146' title='bbox 415 2597 776 2678; x_wconf 44' lang='lat' dir='ltr'>Billffiginciissiidllifi.</span> <span class='ocrx_word' id='word_1_147' title='bbox 792 2598 872 2676; x_wconf 33' lang='lat' dir='ltr'>ihaz-</span> <span class='ocrx_word' id='word_1_148' title='bbox 893 2598 1085 2676; x_wconf 45' lang='lat' dir='ltr'>{leffiliiiv</span> <span class='ocrx_word' id='word_1_149' title='bbox 1134 2640 1313 2674; x_wconf 87' lang='lat' dir='ltr'>Asconius</span> <span class='ocrx_word' id='word_1_150' title='bbox 1325 2652 1359 2685; x_wconf 91' lang='lat' dir='ltr'>p.</span> <span class='ocrx_word' id='word_1_151' title='bbox 1377 2643 1432 2675; x_wconf 89' lang='lat'>80.</span> <span class='ocrx_word' id='word_1_152' title='bbox 1447 2642 1592 2675; x_wconf 86' lang='lat' dir='ltr'>monet:</span> <span class='ocrx_word' id='word_1_153' title='bbox 1618 2641 1639 2658; x_wconf 90' lang='lat'>“</span> <span class='ocrx_word' id='word_1_154' title='bbox 1656 2639 1731 2674; x_wconf 72' lang='lat' dir='ltr'>Ve-</span> 
     </span>
     <span class='ocr_line' id='line_1_31' title="bbox 413 2687 1729 2732; baseline -0.005 -7"><span class='ocrx_word' id='word_1_155' title='bbox 413 2692 437 2709; x_wconf 74' lang='grc'><strong>“</strong></span> <span class='ocrx_word' id='word_1_156' title='bbox 460 2694 554 2725; x_wconf 88' lang='lat' dir='ltr'>teres</span> <span class='ocrx_word' id='word_1_157' title='bbox 575 2700 721 2724; x_wconf 85' lang='lat' dir='ltr'>omnem</span> <span class='ocrx_word' id='word_1_158' title='bbox 733 2689 983 2732; x_wconf 77' lang='lat' dir='ltr'>magistratum</span> <span class='ocrx_word' id='word_1_159' title='bbox 1011 2689 1071 2722; x_wconf 85' lang='lat' dir='ltr'>cui</span> <span class='ocrx_word' id='word_1_160' title='bbox 1093 2691 1234 2732; x_wconf 85' lang='lat' dir='ltr'>pareret</span> <span class='ocrx_word' id='word_1_161' title='bbox 1258 2687 1447 2727; x_wconf 79' lang='lat' dir='ltr'>exercitus,</span> <span class='ocrx_word' id='word_1_162' title='bbox 1458 2693 1641 2732; x_wconf 82' lang='lat' dir='ltr'>proetorem</span> <span class='ocrx_word' id='word_1_163' title='bbox 1666 2697 1729 2730; x_wconf 78' lang='lat' dir='ltr'>ap-</span> 
     </span>
     <span class='ocr_line' id='line_1_32' title="bbox 411 2733 1727 2782; baseline -0.004 -11"><span class='ocrx_word' id='word_1_164' title='bbox 411 2739 434 2756; x_wconf 89' lang='lat'>“</span> <span class='ocrx_word' id='word_1_165' title='bbox 457 2738 698 2782; x_wconf 79' lang='lat' dir='ltr'>pellaverunt:</span> <span class='ocrx_word' id='word_1_166' title='bbox 723 2735 821 2769; x_wconf 83' lang='lat' dir='ltr'>unde</span> <span class='ocrx_word' id='word_1_167' title='bbox 839 2738 875 2769; x_wconf 88' lang='lat' dir='ltr'>et</span> <span class='ocrx_word' id='word_1_168' title='bbox 886 2735 1086 2782; x_wconf 82' lang='lat' dir='ltr'>proetorium</span> <span class='ocrx_word' id='word_1_169' title='bbox 1100 2734 1368 2768; x_wconf 79' lang='lat' dir='ltr'>tabernaculum</span> <span class='ocrx_word' id='word_1_170' title='bbox 1381 2733 1455 2767; x_wconf 86' lang='lat' dir='ltr'>eius</span> <span class='ocrx_word' id='word_1_171' title='bbox 1466 2733 1595 2767; x_wconf 84' lang='lat' dir='ltr'>dicitur</span> <span class='ocrx_word' id='word_1_172' title='bbox 1610 2735 1619 2750; x_wconf 94' lang='lat'>‘</span> <span class='ocrx_word' id='word_1_173' title='bbox 1631 2733 1727 2768; x_wconf 86' lang='lat' dir='ltr'>Item</span> 
     </span>
     <span class='ocr_line' id='line_1_33' title="bbox 410 2780 1729 2827; baseline -0.005 -9"><span class='ocrx_word' id='word_1_174' title='bbox 410 2785 433 2802; x_wconf 74' lang='lat'>‘⁶</span> <span class='ocrx_word' id='word_1_175' title='bbox 455 2784 585 2818; x_wconf 76' lang='lat' dir='ltr'>Festus</span> <span class='ocrx_word' id='word_1_176' title='bbox 608 2794 686 2817; x_wconf 76' lang='lat' dir='ltr'>voc.</span> <span class='ocrx_word' id='word_1_177' title='bbox 735 2782 912 2817; x_wconf 79' lang='lat' dir='ltr'>Praetoria</span> <span class='ocrx_word' id='word_1_178' title='bbox 936 2781 1047 2827; x_wconf 83' lang='lat' dir='ltr'>porta&#39;</span> <span class='ocrx_word' id='word_1_179' title='bbox 1081 2780 1190 2815; x_wconf 79' lang='lat' dir='ltr'>Initio</span> <span class='ocrx_word' id='word_1_180' title='bbox 1216 2783 1387 2824; x_wconf 81' lang='lat' dir='ltr'>praetores</span> <span class='ocrx_word' id='word_1_181' title='bbox 1411 2783 1513 2813; x_wconf 85' lang='lat' dir='ltr'>erant</span> <span class='ocrx_word' id='word_1_182' title='bbox 1540 2780 1600 2824; x_wconf 91' lang='lat' dir='ltr'>qui</span> <span class='ocrx_word' id='word_1_183' title='bbox 1630 2789 1729 2813; x_wconf 86' lang='lat' dir='ltr'>nuno</span> 
     </span>
     <span class='ocr_line' id='line_1_34' title="bbox 411 2827 1729 2871; baseline -0.004 -7"><span class='ocrx_word' id='word_1_184' title='bbox 411 2830 434 2850; x_wconf 72' lang='lat'>‘⁶</span> <span class='ocrx_word' id='word_1_185' title='bbox 459 2830 634 2871; x_wconf 86' lang='lat' dir='ltr'>consules,</span> <span class='ocrx_word' id='word_1_186' title='bbox 650 2832 688 2863; x_wconf 88' lang='lat' dir='ltr'>et</span> <span class='ocrx_word' id='word_1_187' title='bbox 701 2828 727 2862; x_wconf 92' lang='lat' dir='ltr'>ii</span> <span class='ocrx_word' id='word_1_188' title='bbox 737 2829 831 2863; x_wconf 81' lang='lat' dir='ltr'>bella</span> <span class='ocrx_word' id='word_1_189' title='bbox 846 2827 1162 2862; x_wconf 82' lang='lat' dir='ltr'>administrabant:</span> <span class='ocrx_word' id='word_1_190' title='bbox 1188 2837 1338 2871; x_wconf 89' lang='lat' dir='ltr'>quorum</span> <span class='ocrx_word' id='word_1_191' title='bbox 1352 2827 1624 2860; x_wconf 84' lang='lat' dir='ltr'>tabernaculum</span> <span class='ocrx_word' id='word_1_192' title='bbox 1640 2836 1729 2870; x_wconf 76' lang='lat' dir='ltr'>quo·</span> 
     </span>
     <span class='ocr_line' id='line_1_35' title="bbox 411 2873 1727 2922; baseline -0.004 -11"><span class='ocrx_word' id='word_1_193' title='bbox 411 2879 436 2896; x_wconf 70' lang='lat'>‘⁶</span> <span class='ocrx_word' id='word_1_194' title='bbox 457 2888 528 2922; x_wconf 85' lang='lat' dir='ltr'>quo</span> <span class='ocrx_word' id='word_1_195' title='bbox 550 2876 736 2910; x_wconf 82' lang='lat' dir='ltr'>dicebatur</span> <span class='ocrx_word' id='word_1_196' title='bbox 758 2875 989 2921; x_wconf 80' lang='lat' dir='ltr'>proetorium.’&#39;</span> <span class='ocrx_word' id='word_1_197' title='bbox 1035 2874 1132 2910; x_wconf 84' lang='lat' dir='ltr'>Haec</span> <span class='ocrx_word' id='word_1_198' title='bbox 1156 2873 1202 2908; x_wconf 79' lang='lat' dir='ltr'>de</span> <span class='ocrx_word' id='word_1_199' title='bbox 1229 2883 1295 2907; x_wconf 79' lang='lat' dir='ltr'>usu</span> <span class='ocrx_word' id='word_1_200' title='bbox 1320 2876 1357 2908; x_wconf 87' lang='lat' dir='ltr'>et</span> <span class='ocrx_word' id='word_1_201' title='bbox 1373 2874 1517 2908; x_wconf 77' lang='lat' dir='ltr'>notione</span> <span class='ocrx_word' id='word_1_202' title='bbox 1539 2873 1647 2908; x_wconf 76' lang='lat' dir='ltr'>etiam</span> <span class='ocrx_word' id='word_1_203' title='bbox 1665 2882 1727 2906; x_wconf 77' lang='lat' dir='ltr'>an·</span> 
     </span>
    </p>
   </div>
   <div class='ocr_carea' id='block_1_7' title="bbox 411 2922 916 2970">
    <p class='ocr_par' dir='ltr' id='par_1_11' title="bbox 411 2922 916 2970">
     <span class='ocr_line' id='line_1_36' title="bbox 411 2922 916 2970; baseline -0.006 -11"><span class='ocrx_word' id='word_1_204' title='bbox 411 2924 512 2970; x_wconf 82' lang='lat' dir='ltr'>tiqua</span> <span class='ocrx_word' id='word_1_205' title='bbox 526 2922 692 2960; x_wconf 78' lang='lat' dir='ltr'>vocabuli</span> <span class='ocrx_word' id='word_1_206' title='bbox 708 2922 916 2970; x_wconf 62' lang='lat' dir='ltr'>ptwtmium.</span> 
     </span>
    </p>
   </div>
  </div>
 </body>
</html>
