1971 3263
284 420 399 453 Partis
410 419 438 454 A
446 432 477 453 s-

272 467 366 499 conii
405 467 478 500 edi-

270 515 318 545 ta»
328 513 478 547 Codices

272 559 477 592 duoinAm-

271 605 443 639 brosiana.

494 295 613 344 xviii
934 313 1141 345 PRAEVIA
1187 314 1346 347 oPEm

563 418 630 466 X.
669 418 892 480 Operum
919 419 1133 468 Pediani
1157 423 1406 470 editorum
1446 421 1664 470 Codices
1699 434 1805 468 omo

497 517 612 563 nino
652 516 751 562 duo
797 516 847 562 in
888 517 1228 567 Ambrosiana
1263 528 1536 577 servantur,
1574 520 1698 567 alter
1730 517 1810 566 He·

500 621 604 661 ]OO.
647 621 774 677 part.
812 615 896 662 inf.
938 616 1251 673 chartaceus,
1291 634 1406 664 cum
1443 618 1635 680 aliquot
1671 615 1806 664 foliis

494 714 642 760 etiam
685 714 1028 771 membraneis,
1089 715 1176 778 qui
1214 715 1336 772 'fsine
1371 716 1523 763 dubio
1556 723 1668 763 ante
1706 730 1809 761 me-

495 812 632 860 dium
691 814 934 861 saeculum
978 830 1067 861 xv.
1109 815 1423 878 conscriptus
1468 821 1555 871 est,
1613 829 1809 877 praepo-

494 911 590 958 sita
613 911 912 974 epigraphe:
954 920 981 937 “
1009 911 1104 959 Hae
1140 921 1260 960 sunt
1297 914 1529 976 quaedain
1571 911 1809 975 glossulae

496 1018 524 1036 ‘⁶
551 1027 699 1073 super
757 1010 1085 1058 Orationibus
1126 1011 1282 1058 Tullii
1324 1011 1598 1074 antiquitus
1643 1012 1804 1067 factae,

498 1116 711 1172 “nuper
757 1109 807 1155 in
856 1109 1084 1156 Concilio
1133 1110 1501 1158 Constantiensi
1561 1110 1817 1173 repertae.’'

496 1209 641 1256 Alter
664 1208 781 1256 item
807 1208 1104 1255 chartaceus
1131 1208 1170 1255 I.
1197 1214 1275 1256 91.
1299 1214 1426 1270 part.
1452 1224 1562 1270 sup.
1589 1206 1733 1254 cuius
1756 1205 1808 1253 in

498 1308 638 1355 calce
689 1309 795 1355 haec
837 1309 1097 1370 leguntur:
1153 1315 1181 1333 “
1206 1307 1476 1369 Reliquum
1520 1307 1676 1363 deest,
1714 1321 1807 1352 nec

499 1413 527 1431 “
554 1406 769 1470 amplius
802 1405 1061 1468 reperitur,
1100 1404 1195 1451 nisi
1235 1403 1284 1450 in
1317 1404 1541 1450 futurum
1575 1407 1807 1464 emergat,

499 1512 527 1531 “
553 1506 693 1568 quod
718 1505 902 1552 utinam
923 1505 1030 1552 fiat!
1103 1503 1384 1567 Repertum
1409 1502 1504 1549 fuit
1526 1503 1574 1549 in
1601 1501 1808 1564 Synodo

498 1611 526 1630 ‘⁴
555 1603 943 1651 Constantiensi.
1006 1602 1173 1651 Codex
1201 1605 1409 1666 scriptus
1439 1619 1564 1650 anno
1605 1607 1743 1650 1475.
1779 1618 1810 1647 α

497 1703 599 1751 ΙΟ.
627 1703 683 1749 N
692 1703 782 1750 Y.”
850 1702 987 1764 Ergo
1023 1707 1191 1748 noster
1222 1706 1436 1763 uterque
1472 1700 1652 1749 Codex
1676 1700 1811 1763 Ope·

497 1818 605 1848 rum
631 1800 846 1847 Pediani
869 1800 1118 1847 editorum
1150 1800 1377 1864 principe
1415 1800 1653 1849 Editione
1689 1799 1810 1847 anti-

499 1899 645 1963 quior
668 1906 758 1946 est.
830 1899 937 1946 Iam
974 1899 1065 1946 hos
1089 1916 1181 1962 ego
1203 1900 1420 1948 Codices
1446 1916 1558 1947 cum
1590 1899 1809 1962 antiquis

499 1998 803 2046 editionibus
824 1997 1032 2055 contuli,
1057 1998 1358 2061 quibuscum
1385 1999 1454 2046 ita
1476 1998 1808 2056 consentiunt,

499 2104 557 2145 ut
581 2115 640 2145 ea
664 2098 850 2160 scripta
874 2114 1076 2161 aequum
1099 2104 1187 2155 est,
1226 2115 1335 2161 quae
1357 2099 1420 2145 ab
1453 2115 1549 2147 uno
1574 2104 1623 2146 et
1646 2098 1808 2146 vicino

497 2198 649 2253 fonte,
688 2213 866 2260 nempe
901 2212 930 2242 a
962 2195 1142 2257 Poggii
1165 2196 1440 2259 exemplari
1477 2197 1808 2244 dimanarunt.

499 2293 690 2341 Nullus
713 2294 865 2357 igitur
889 2311 984 2357 ope
1027 2295 1208 2342 horum
1243 2296 1514 2343 lacunosus
1549 2295 1691 2342 locus
1727 2312 1811 2342 ex-

499 2394 679 2457 pletur,
718 2393 858 2441 nulla
880 2395 980 2441 fere
996 2394 1279 2442 emendatio
1301 2396 1551 2458 speranda
1569 2401 1659 2442 est.
1721 2394 1814 2442 Or-

501 2493 567 2539 do
590 2498 755 2540 autem
787 2493 1264 2540 Commentariorum
1289 2493 1421 2540 idem
1442 2500 1518 2541 est
1540 2493 1589 2540 in
1611 2493 1688 2540 his
1717 2493 1812 2541 Co-

500 2590 697 2637 dicibus
723 2598 876 2653 atque
899 2591 947 2638 in
973 2592 1277 2639 editionibus
1319 2594 1519 2655 primis:
1559 2594 1646 2657 qui
1677 2611 1811 2642 nunc

500 2696 666 2736 tamen
690 2690 790 2737 iam
827 2690 942 2737 inde
982 2708 1142 2753 usque
1165 2691 1226 2738 ab
1252 2690 1444 2738 Aldina
1469 2692 1706 2740 Editione
1745 2692 1812 2740 ad

499 2788 723 2837 ordinem
749 2790 979 2853 Operum
1001 2789 1259 2839 Ciceronis
1281 2795 1697 2843 accommodatus
1717 2799 1810 2842 est.
