1971 3263
255 593 555 644 PRAEVIA
601 593 830 645 OPERI
873 593 1382 643 DISSERTATIO.

755 733 882 740 ....--.

167 840 209 890 Ῑ·
246 827 615 905 CERTISSIMA
655 852 824 916 opinio
864 856 952 908 est,
990 867 1150 914 eaque
1174 855 1469 898 cunctorum
1490 856 1705 938 ὃθζεξῖᾚ

168 970 280 1001 vere
315 952 608 1016 sapientium
636 953 930 1000 confirmata
954 967 1216 1008 consensu,
1256 950 1474 1016 plurima
1490 916 1704 995 praegtassfiss·

166 1056 356 1099 veteres
405 1050 630 1098 homines
672 1056 724 1097 et
761 1049 1004 1098 invenisse
1044 1051 1275 1113 sagacius
1321 1068 1474 1114 quam

167 1166 273 1205 nos,
299 1156 350 1198 et
367 1149 568 1198 inventa
590 1150 876 1198 exercuisse
900 1149 1110 1207 felicius,
1137 1166 1252 1213 quae
1271 1150 1472 1213 quidem

169 1249 321 1312 digna
341 1249 449 1298 visa
477 1256 660 1306 essent,
697 1249 746 1296 in
786 1249 944 1312 quibu
965 1266 1194 1313 soperam
1218 1258 1474 1314 ponerent.

171 1347 298 1402 Quis
322 1347 453 1395 enim
484 1348 534 1395 in
559 1348 757 1411 scriptis
776 1348 1011 1396 Veterum
1035 1349 1289 1414 paulisper
1320 1367 1479 1397 versa-

172 1451 271 1502 tus,
308 1462 409 1494 non
434 1462 606 1494 eorum
641 1446 917 1494 admiratur
952 1449 1237 1496 reconditas
1270 1449 1476 1507 litteras,

172 1544 442 1592 multarum
481 1545 662 1593 artium
696 1545 1030 1610 disciplinam,
1067 1549 1309 1596 sermonis
1347 1550 1481 1614 lepo—

172 1659 291 1701 rem,
350 1644 659 1707 ingeniorum
711 1661 938 1702 acumen,
998 1646 1199 1694 dicendi
1251 1648 1481 1711 copiam?

175 1742 374 1791 Graecia
417 1744 624 1807 quidem
665 1744 763 1791 iam
802 1744 922 1792 inde
961 1746 1024 1793 ab
1071 1746 1285 1794 heroicis
1330 1749 1482 1795 ferme

174 1843 484 1908 temporibus
518 1844 568 1891 in
609 1844 741 1892 omni
780 1862 958 1908 genere
999 1846 1292 1894 eruditionis
1325 1849 1485 1896 excel-

175 1943 284 1991 luit.
355 1943 524 1992 Serius
550 1945 615 1991 ad
634 1944 913 1992 litterarum
935 1962 1154 1993 amorem
1179 1947 1367 1995 exarsit
1386 1947 1486 1996 Ita-

178 2042 272 2090 lia:
309 2058 524 2105 namque
546 2050 658 2091 ante
681 2051 853 2092 natum
888 2044 1106 2092 Ennium
1139 2045 1296 2093 latina
1319 2047 1487 2095 studia

178 2158 320 2206 paene
340 2141 704 2190 conticuerunt.
771 2143 907 2190 Tum
925 2160 1040 2191 vero
1066 2145 1309 2206 paulatim
1334 2147 1488 2194 admi-

179 2241 338 2288 randa
372 2242 606 2304 quaedam
641 2241 956 2305 Scriptorum
995 2243 1160 2306 erupit
1190 2245 1279 2300 vis,
1317 2245 1403 2307 qui
1441 2254 1490 2293 et

180 2339 386 2388 latinam
423 2340 642 2403 linguam
681 2342 745 2388 ad
789 2359 1005 2404 unguem
1039 2343 1403 2406 expoliverunt,
1440 2350 1490 2390 et

182 2456 377 2488 omnem
398 2439 710 2496 elocutioniS‚
732 2440 1239 2504 amplificationisque
1259 2449 1489 2490 ornatum

183 2539 432 2603 persecuti
467 2546 595 2586 sunt.
667 2539 792 2593 Quae
816 2555 972 2601 quum
999 2539 1067 2586 ita
1091 2557 1144 2586 se
1168 2540 1348 2587 habere
1373 2558 1489 2589 con·
1508 2554 1713 2634 delgfflffi-

185 2644 352 2694 staret,
389 2638 421 2685 ii
446 2655 631 2695 omnes,
671 2639 757 2701 qui
782 2639 910 2701 frugi
934 2639 1127 2701 aliquid
1152 2647 1388 2702 praestare
1411 2658 1491 2688 cu-
1507 2648 1568 2682 tio·
1650 2613 1660 2635 l

187 2734 404 2799 piebant,
441 2737 724 2785 studiorum
747 2754 949 2785 suorum
984 2738 1283 2786 curriculum
1314 2740 1377 2786 ad
1410 2756 1493 2786 an-

188 2831 436 2896 tiquitatis
472 2853 699 2885 normam
735 2853 931 2900 semper
962 2836 1267 2885 direxerunt.
1338 2839 1497 2893 Quot-
