1918 3254
623 282 723 318 PRO
748 282 981 318 PLANCIO.
1372 284 1426 326 11
1440 286 1460 327 1

166 380 246 431 Ac
284 383 454 448 siquid
491 382 683 430 adversi
719 381 1053 446 prudentibus
1092 380 1320 437 eveniret,
1365 398 1466 429 non

160 483 362 532 poenam
388 464 544 528 magis
575 470 626 512 et
659 463 1004 521 calamitatem,
1043 480 1197 527 quam
1232 463 1468 511 exercita-

163 549 348 598 tionem
372 565 479 595 esse
498 549 725 595 fortunae.

229 630 338 678 ch
360 645 529 677 ETIAM
546 643 826 677 ADDIDISTI
854 644 929 675 ME
956 642 1172 675 IDCIRCO
1197 644 1309 676 MEA
1329 644 1466 676 LEGE

166 728 354 761 Elelo
380 727 631 759 AMBl'rUM
670 717 957 766 SANXISSE?
991 726 1060 757 UT
1098 725 1470 760 MISI-:RABILIO-

167 813 260 847 RES
287 811 544 844 EPILOGOS
571 810 771 842 POSSEM
798 809 1010 841 DICERE.

229 878 379 925 Varia
394 877 707 925 cavillatione
727 876 1009 924 Laterensis
1024 883 1312 924 exercuerat
1329 893 1470 940 aspe-

162 960 357 1007 ritatem
381 959 626 1007 stomachi
648 959 725 1006 sui
750 959 798 1006 in
834 959 924 1006 .M.
949 958 1191 1015 Tullium,
1229 966 1287 1006 ut
1321 959 1468 1006 etiam

162 1058 235 1098 ea,
282 1041 464 1105 quibus
509 1041 646 1087 illius
691 1040 850 1088 oratio
890 1041 1105 1087 maxime
1143 1041 1330 1099 floruit,
1373 1043 1468 1090 ele·

162 1141 307 1172 vare.
328 1162 366 1172 ..
392 1131 740 1187 perseveraret.
811 1121 921 1168 Nec
941 1122 1228 1184 ignoramus
1243 1124 1468 1172 Auctore

161 1206 273 1270 ipso
294 1205 536 1254 Cicerone
553 1211 604 1253 et
625 1204 698 1253 .C.
722 1203 947 1251 Antonio
975 1204 1124 1252 Cons.
1150 1204 1310 1267 legem
1337 1222 1469 1253 seve-

164 1288 343 1335 riorem
392 1290 454 1335 de
494 1286 750 1351 puniendo
795 1286 984 1334 ambitu
1031 1286 1283 1350 scriptam,
1324 1288 1468 1335 cuius

163 1371 384 1418 meminit
424 1387 514 1434 pro
559 1368 810 1416 Murena.b
889 1367 1023 1415 Nam
1059 1369 1348 1418 clementior
1387 1371 1470 1418 ali-

162 1460 411 1516 quatenus
434 1452 697 1499 videbatur
718 1452 799 1499 lex
834 1452 984 1501 fuisse
1011 1454 1295 1519 Calpurnia.
1366 1457 1466 1505 Hic

164 1553 282 1598 ergo
322 1542 583 1583 mutuatus
635 1542 711 1581 est
758 1537 1164 1586 occasiunculam
1215 1540 1467 1602 quandam

161 1618 380 1665 amarius
427 1617 722 1672 lacessendi,
778 1624 834 1664 ut
879 1618 1128 1667 videretur
1172 1622 1468 1670 atrociorem

161 1716 357 1765 poenam
397 1717 456 1748 ea
498 1706 704 1763 propter
743 1700 979 1749 adversus
1018 1703 1259 1751 ambitum
1301 1706 1468 1752 decre-

163 1783 303 1839 visse,
340 1788 397 1829 ut
430 1792 519 1846 pro
555 1781 651 1829 reis
675 1782 836 1829 multo
859 1783 1172 1832 lacriniosius
1196 1794 1465 1849 peroraret.

164 1865 280 1913 Non
319 1865 482 1911 minus
522 1870 686 1911 tamen
724 1864 907 1912 urbane
946 1871 996 1913 et
1031 1866 1140 1931 ipse
1178 1870 1464 1932 respondet,

163 1950 403 1996 denotans
443 1947 641 1994 nimiam
688 1947 972 1996 Laterensis
1018 1957 1066 1996 et
1108 1950 1467 2000 inmoderatam

163 2030 535 2079 contumeliosae
555 2029 780 2076 audacia}
799 2027 1126 2079 insulsitatem
1154 2034 1371 2083 dicendo
1389 2053 1400 2082 :

231 2113 339 2160 SED
369 2128 480 2159 HAEC
519 2127 706 2159 NESCIO
743 2127 995 2161 QUOMODO
1020 2130 1367 2164 FREQUENTER
1405 2132 1462 2163 IN

165 2213 239 2244 ME
260 2210 869 2250 CONGESSISTI,SANEQUE
892 2210 950 2241 IN
974 2213 1254 2244 EOCREBER
1272 2213 1463 2245 FL’ISTI.

229 2282 302 2330 Ut
337 2283 442 2330 haec
472 2281 724 2329 inmodica
758 2282 932 2329 creber
967 2280 1117 2337 fuisti,
1150 2287 1199 2327 et
1233 2281 1295 2328 ab
1326 2280 1465 2346 inpu-

161 2365 342 2413 dentiae
361 2364 632 2412 temeritate
656 2363 940 2412 venientia&

227 2447 410 2496 Rnom
454 2463 609 2504 Exnr,
658 2463 864 2504 INQUIT,
904 2462 1004 2494 EGO
1043 2462 1150 2495 NON
1194 2461 1298 2494 Fur.
1369 2445 1462 2494 ΜΕ

165 2547 303 2578 vULT
328 2547 520 2579 FmssE.

208 2672 222 2689 ³
248 2671 344 2704 Hinc
359 2672 577 2715 corrigantur
592 2671 788 2714 L'ditiones,
802 2673 840 2705 'm
857 2672 984 2716 quibus
1000 2669 1260 2715 corruptissime
1270 2670 1406 2714 legitur,
1424 2682 1464 2703 e:

162 2716 224 2748 isto
237 2717 360 2750 ambitu
376 2718 526 2752 traxisse.

208 2762 222 2781 '³
248 2762 379 2796 Recole
393 2764 490 2797 Orat.
504 2776 568 2810 pro
590 2762 686 2811 Sylla
705 2775 784 2798 cum
804 2769 922 2798 nostro
940 2764 1132 2808 luten-prete
1152 2774 1181 2807 p.
1197 2765 1251 2797 71.
1270 2763 1385 2807 ibique
1403 2773 1462 2796 no-

164 2813 234 2841 lam
262 2812 412 2842 nostram
429 2819 452 2843 1.

206 2861 218 2875 ι·
244 2855 361 2889 Locus>
375 2857 527 2900 mutiliu,
548 2860 583 2891 ut
600 2859 744 2891 xjdvtur.

1543 647 1638 681 Edit.

1532 694 1576 728 N.
1594 697 1649 728 83.

1520 2461 1565 2501 N.
1582 2469 1636 2502 55.
