1971 3263
428 298 497 347 26
920 295 1023 335 mzo
1046 299 1251 338 Tunmo.

427 405 525 456 tur,
561 397 719 463 idque
741 394 980 445 nefarium
1019 401 1071 442 et
1102 396 1352 460 singulare
1381 400 1574 450 facinus
1597 408 1740 468 puta-

425 489 594 540 retur3
629 480 748 527 nihil
791 495 920 543 opus
962 478 1117 526 fuisse
1152 479 1340 530 iudicio
1379 484 1442 532 de
1474 485 1523 533 vi
1547 487 1737 535 coactis

424 562 730 625 armatisque
754 561 1057 610 hominibus.
1131 562 1283 616 Quod
1326 566 1454 614 enim
1497 585 1594 616 usu
1634 585 1738 618 non

423 645 668 701 veniebat,
708 645 771 692 de
792 661 851 693 eo
877 645 1038 709 siquis
1063 645 1224 709 legem
1247 654 1337 695 aut
1357 648 1602 700 iudicium
1622 669 1742 702 con-

424 728 669 785 stitueret,
707 745 806 777 non
838 735 940 777 tam
973 730 1242 794 prohibere
1277 731 1544 790 videretur,
1583 752 1739 798 quam

423 809 723 859 admonere.i
794 811 890 860 His
917 813 1229 877 temporibus
1252 831 1367 863 cum
1387 832 1450 863 ex
1475 816 1610 865 bello
1633 817 1744 866 diu-

422 901 574 944 turno
598 902 754 959 atque
777 896 1058 944 domestico
1084 914 1162 946 res
1200 897 1251 945 in
1288 914 1397 945 eam
1422 898 1744 946 consuetudi*

423 995 538 1027 nem
590 978 822 1037 venisset,
872 985 930 1027 ut
980 981 1207 1030 homines
1260 981 1450 1028 minore
1499 981 1743 1044 religione

423 1061 576 1109 armis
599 1068 893 1124 uterentur3
926 1080 1133 1112 necesse
1167 1063 1362 1129 putavit
1397 1079 1509 1111 esse
1544 1064 1595 1112 in
1634 1063 1742 1112 uni-

421 1159 617 1192 versam
637 1144 873 1192 familiam
892 1146 1128 1212 judiciffnffi
1154 1148 1287 1205 dare,
1328 1148 1470 1212 quod
1495 1165 1525 1195 a
1551 1147 1742 1197 familia

422 1227 613 1274 factum
657 1228 837 1289 {liceret
879 1228 1026 1289 jure:
1073 1234 1124 1275 et
1159 1230 1547 1292 Reciperatores
1600 1231 1737 1288 dare,

422 1317 481 1358 ut
520 1326 674 1374 quam
708 1310 926 1373 primum
965 1327 1045 1358 res
1084 1310 1410 1368 iudicaretur,
1449 1318 1500 1359 et
1536 1329 1740 1376 poenam

421 1393 701 1457 graviorem
726 1393 1044 1450 constituere,
1082 1399 1139 1440 ut
1166 1399 1303 1441 metu
1329 1394 1743 1459 comprimeretur

422 1476 673 1523 audacia:
710 1482 761 1523 et
796 1476 934 1543 illam
969 1475 1215 1523 latebram
1251 1477 1443 1535 tollere,
1482 1479 1739 1538 damnum,

420 1559 607 1606 iniuria
625 1560 668 1605 si
682 1559 822 1616 absit,
841 1558 1015 1621 infhrrz'
1029 1577 1198 1623 posse:
1223 1568 1279 1607 ut
1292 1562 1486 1624 privati
1501 1560 1518 1584 ¹⁵
1533 1562 1629 1626 ipsi
1648 1569 1744 1611 sta-

420 1648 630 1699 tuerent,
669 1659 773 1705 quo
812 1648 1039 1706 tempore
1076 1650 1289 1707 possent
1325 1660 1418 1692 suo
1457 1644 1565 1693 iure
1601 1663 1740 1695 arma

421 1742 618 1790 capere,
638 1741 843 1772 manum
864 1742 1057 1789 cogere,
1074 1726 1299 1775 homines
1317 1727 1567 1776 occidere.
1606 1728 1738 1778 Cum

420 1807 668 1856 iudicium
707 1808 778 1855 ita
818 1809 1039 1867 daretur,
1077 1815 1135 1858 ut
1173 1811 1271 1859 hoc
1313 1810 1478 1858 solum
1524 1811 1574 1858 iu
1615 1811 1743 1860 iudi-

423 1890 558 1940 cium
581 1891 750 1939 venire
774 1891 1041 1950 videretur,
1079 1910 1142 1941 ne
1166 1893 1212 1941 vi
1235 1893 1522 1941 hominibus
1548 1895 1740 1943 coactis

421 1974 627 2022 armatis
651 1974 698 2022 vi
721 1975 962 2022 damnum
1000 1975 1119 2023 dolo
1155 1976 1289 2025 malo
1319 1977 1518 2025 familiae
1543 1978 1738 2037 datum,

420 2073 586 2122 neque
604 2058 732 2106 illud
765 2058 927 2106 aderit
951 2057 1249 2108 INIURIA
1270 2059 1306 2121 3¹
1341 2061 1538 2125 putavit
1569 2078 1623 2110 se
1655 2079 1745 2111 au-

466 2284 475 2306 i
499 2286 558 2320 Sic
575 2297 719 2331 prorsus
734 2287 832 2321 idem
845 2287 972 2322 Cicero
988 2287 1025 2321 in
1042 2288 1141 2323 Orat.
1159 2299 1221 2333 pro
1247 2288 1379 2322 Roscio
1396 2288 1566 2322 Amerino
1588 2299 1676 2323 xxv.
1693 2290 1739 2325 do

420 2332 550 2366 Solone
566 2333 626 2377 qui
639 2335 778 2367 nullum
794 2335 1007 2379 supplicium
1024 2335 1211 2379 parricidio
1226 2338 1406 2377 statuerat,
1432 2336 1499 2369 ait:
1515 2337 1536 2352 “
1551 2336 1739 2380 Sapienter

420 2380 443 2397 “
460 2379 585 2414 fecisse
602 2380 750 2424 decitur,
776 2392 862 2414 cum
877 2381 922 2414 de
934 2392 977 2414 eo
990 2381 1076 2415 nihil
1092 2382 1260 2423 sanxerit,
1278 2382 1373 2426 quod
1387 2385 1492 2415 antea
1507 2383 1736 2418 commissum

420 2425 444 2444 “
458 2436 533 2460 non
549 2430 635 2469 erat,
659 2438 705 2461 ne
721 2438 791 2461 non
804 2431 877 2461 tam
893 2428 1090 2472 prohibere,
1105 2439 1211 2473 quam
1229 2428 1420 2462 admonere
1434 2428 1646 2463 videretur.⁷’

466 2470 482 2492 ¹³
507 2473 587 2507 Cod
603 2475 624 2491 “
641 2474 813 2508 damnum
825 2474 953 2508 iniuria
967 2475 1063 2519 quod
1087 2477 1116 2518 if}
1136 2475 1169 2518 ij?
1194 2485 1275 2509 cum
1300 2475 1353 2509 vis
1387 2474 1496 2508 debet
1522 2476 1639 2510 valere
1672 2479 1738 2518 2¹¹3?

421 2519 444 2536 “
459 2543 468 2553 .
486 2544 495 2553 .
513 2545 521 2553 .
539 2544 547 2553 .
564 2531 612 2554 ex
623 2520 826 2555 huiusmodi
840 2521 971 2555 damno
991 2521 1088 2566 quod
1101 2522 1193 2563 ξ’,ὶςςῑςξ
1216 2523 1371 2555 armatus
1387 2546 1395 2555 .
1413 2546 1422 2555 .
1439 2546 1448 2554 .
1466 2522 1485 2538 '’
1517 2522 1638 2555 Locus
1651 2521 1739 2555 diffi-

420 2565 572 2600 cillimus
584 2568 679 2601 lectu
695 2571 731 2601 ct
743 2568 961 2611 obliteratus,
979 2569 1038 2612 qui
1052 2568 1256 2602 sarciendus
1266 2568 1463 2609 videbatur,
1478 2571 1517 2601 ut
1530 2568 1690 2602 fecimus.

466 2610 474 2632 ¹
498 2613 663 2658 Aquilius
676 2615 807 2649 tulerat
821 2615 938 2659 legem
958 2615 1084 2659 nequis
1099 2614 1135 2648 vi
1151 2617 1287 2648 asmata
1301 2614 1471 2648 damnum
1494 2614 1637 2648 inferret
1648 2615 1736 2648 iniu-

418 2657 498 2692 ria:
515 2670 620 2703 quam
634 2661 800 2695 iniuriam
812 2661 920 2706 siquis
936 2672 1066 2705 negare
1080 2664 1229 2705 poterat,
1253 2672 1297 2694 ea
1308 2661 1386 2704 lege
1399 2671 1471 2694 non
1489 2662 1736 2696 damnabatur.

418 2703 476 2739 M.
492 2705 666 2740 Lucullus
681 2718 724 2741 eo
735 2708 875 2742 sublato
892 2708 1065 2741 vocabulo
1089 2708 1232 2741 omnino
1256 2707 1379 2750 edixit,
1395 2707 1520 2752 nequis
1546 2708 1580 2741 vi
1601 2712 1738 2742 armata

417 2751 498 2787 dolo
514 2753 607 2788 malo
622 2753 793 2789 damnum
817 2754 970 2799 inferret,
994 2765 1075 2800 quae
1091 2755 1152 2789 lex
1168 2765 1268 2800 spem
1284 2753 1499 2790 defensionis
1518 2754 1737 2791 succidebat.
