1971 3263
290 2135 445 2179 Insignis

242 2184 368 2216 Codex

240 2230 436 2264 Bibliothe-

239 2289 292 2312 cae
314 2278 403 2311 Am-

238 2323 424 2359 brosianae.

464 315 511 362 iv
907 324 1119 358 Piis-evm
1162 324 1323 358 orl-:1³1

466 444 590 503 quot
613 443 776 485 autem
804 434 1078 497 aliquando
1113 435 1338 483 homines
1362 451 1492 483 nova
1519 431 1772 482 scribendi

469 535 770 597 dicendique
797 532 924 580 ratio
949 533 1233 590 delectavit,
1269 533 1329 581 iis
1367 536 1565 586 demum
1599 533 1662 580 ab
1697 548 1773 580 ea-

464 637 577 683 dem
623 633 883 696 antiquate
928 610 1146 695 petenda
1192 632 1435 680 correctio
1480 633 1587 680 fuit.
1657 633 1773 687 Quo

462 734 620 798 magis
655 732 933 796 amplector
970 738 1166 779 aetatem
1203 739 1440 787 nostram,
1479 720 1632 793 quam
1671 736 1776 778 tan-

463 841 546 883 tus
569 840 791 882 veterum
817 847 1022 894 operum
1045 848 1184 879 amor
1203 831 1396 879 invasit.
1467 810 1674 893 Quippe.
1701 834 1778 876 est

462 932 620 980 nostri
641 931 813 979 saeculi
837 930 997 994 gloria
1018 932 1252 994 quaedam
1291 937 1341 978 et
1379 930 1536 977 decus
1562 927 1777 991 antiqui-

463 1031 555 1079 tati
613 1030 840 1095 apprime
880 1031 1099 1088 studere,
1154 1030 1279 1077 velle
1335 1029 1504 1094 ipsum
1565 1043 1777 1076 succum

461 1130 724 1179 vetustatis
763 1121 1057 1194 exprimere,
1095 1131 1304 1177 formam
1329 1134 1377 1175 et
1401 1134 1555 1175 artem
1580 1143 1645 1174 ex
1668 1125 1778 1174 eius

462 1229 775 1278 lineamentis
811 1229 1067 1293 aucupari,
1106 1245 1277 1276 omnes
1298 1227 1526 1290 undique
1547 1226 1776 1273 eiusdem

463 1329 612 1377 fiores
637 1336 686 1377 et
707 1345 910 1376 veneres
934 1328 1170 1375 delibare.
1243 1325 1379 1373 Hinc
1413 1325 1603 1388 ubique
1639 1327 1779 1374 recu·

463 1428 643 1475 dendis
695 1426 1113 1488 illustrandisque
1160 1425 1494 1472 celebriorum
1539 1424 1777 1472 Veterum

463 1526 663 1589 scriptis
684 1525 822 1573 docti
840 1525 931 1573 viri
956 1526 1080 1572 dant
1102 1535 1334 1589 operam:
1371 1524 1486 1572 hinc
1510 1523 1778 1572 bibliothe-

464 1641 549 1673 cas
575 1625 677 1672 sive
699 1625 934 1688 publicas
959 1624 1062 1672 sive
1083 1624 1302 1687 privatas
1330 1623 1514 1686 ingenti
1546 1632 1781 1686 praestan·

461 1724 770 1773 tissimorum
826 1722 1139 1772 voluminum
1195 1723 1424 1786 congerie
1489 1722 1778 1770 cumulant:

463 1823 580 1871 hinc
603 1823 911 1886 amplissima
935 1821 1137 1886 praemia
1168 1822 1392 1870 munifici
1431 1821 1695 1887 Principes
1717 1821 1778 1872 iis

464 1924 757 1979 decernunt,
797 1922 881 1985 qui
920 1922 1238 1986 antiquorum
1278 1922 1536 1970 hominum
1568 1920 1777 1985 gloriam

462 2022 673 2086 propius
699 2022 1010 2069 aemulantur.

533 2120 603 2168 II.
641 2120 738 2168 His
754 2120 1060 2168 ferventibus
1078 2127 1363 2169 nostrorum
1381 2127 1662 2185 temporum
1678 2127 1779 2169 stu-

467 2221 576 2278 diis,
604 2221 731 2284 coepi
750 2227 798 2268 et
822 2237 914 2284 ego
939 2237 1028 2284 pro
1051 2220 1145 2268 mei
1162 2220 1377 2269 modicis
1395 2220 1574 2283 ingenii
1589 2219 1777 2268 viribus

467 2321 793 2369 Bibliothecae
826 2320 1191 2377 Ambrosianae,
1229 2320 1281 2368 in
1318 2337 1420 2383 qua
1455 2335 1635 2376 versor,
1672 2318 1778 2383 plu-

462 2428 569 2469 teos
594 2437 693 2468 non
717 2419 968 2467 incuriose
990 2419 1171 2466 rimari.
1240 2418 1590 2466 Tullianorum
1608 2427 1777 2465 autem

461 2536 571 2582 quae
607 2535 764 2581 nuper
796 2517 932 2565 edidi
966 2517 1380 2579 Fragmentorum
1414 2516 1697 2565 inventione
1726 2516 1778 2563 il-

460 2619 641 2674 lectus,
679 2634 737 2665 eo
772 2634 970 2681 semper
1006 2617 1312 2680 spectabam,
1352 2623 1408 2663 ut
1445 2616 1611 2678 siquid
1651 2617 1778 2663 forte

459 2716 765 2781 pretiosioris
789 2717 1027 2773 thesauri,
1046 2714 1321 2780 praesertim
1343 2714 1582 2772 Tulliani,
1601 2714 1651 2762 in
1669 2731 1779 2762 nos-

460 2816 550 2865 tris
576 2816 856 2865 Codicibus
890 2817 1060 2864 adhuc
1091 2816 1278 2872 lateret,
1315 2815 1366 2863 id
1401 2832 1563 2863 meam
1588 2813 1776 2862 diutius
