1971 3263
726 343 828 379 PRO
861 341 1068 378 TULLIO.
1488 338 1554 383 29

249 445 330 490 tos
351 438 583 487 maximis
606 437 785 487 animis
809 445 860 487 et
880 439 1087 496 viribus,
1124 442 1175 486 et
1208 437 1267 486 iis
1287 451 1425 485 arma
1441 453 1556 500 quae

248 523 439 586 cuique
474 523 537 570 ab
563 520 710 569 Italia
734 529 887 586 atque
924 528 1044 586 apta
1078 527 1248 570 essent
1281 526 1556 584 comparat,

250 621 460 669 prorsus
494 610 552 652 ut
583 604 746 668 quivis
769 602 1107 666 intellegeretk
1129 620 1229 652 non
1253 620 1339 651 eos
1365 603 1431 650 ad
1454 617 1559 649 rem

246 688 505 746 rusticam,
541 704 714 736 verum
753 689 820 739 ad
858 688 1046 735 eaedem
1084 704 1143 735 ae
1183 702 1403 750 pugnam
1429 701 1562 733 com-

248 771 430 835 parari.
501 771 652 819 Brevi
675 771 761 819 illo
799 777 1023 834 tempore
1064 771 1127 824 Q.
1154 769 1268 817 Cati
1302 767 1561 817 AEmiliani

247 853 463 903 hominis
505 853 713 910 honesti,
766 869 918 917 quem
957 868 1045 900 vos
1085 852 1262 909 nostis,
1300 849 1427 899 duo¹
1478 851 1564 898 ho-

248 936 407 985 mines
431 935 748 983 occiderunt:
786 935 946 983 multa
969 935 1068 983 alia
1086 936 1336 983 fecerunt:
1375 932 1564 998 passim

247 1018 564 1082 vagabantur
586 1018 778 1075 armati,
817 1034 918 1066 non
942 1019 1158 1066 obscure
1199 1018 1287 1065 sed
1319 1023 1378 1063 ut
1414 1016 1564 1080 plane

246 1099 535 1164 intellegere
557 1100 848 1149 viderentur
870 1100 939 1147 ad
963 1116 1117 1163 quam
1154 1116 1259 1147 rem
1290 1100 1455 1162 parati
1490 1115 1567 1146 es·

245 1189 388 1231 sent:
436 1200 599 1246 agros,
638 1183 742 1230 vias
788 1182 1005 1245 denique
1045 1182 1252 1230 infestas
1291 1182 1562 1229 habebant.

248 1264 404 1314 Venit
438 1266 489 1314 in
524 1265 816 1329 Tyrinumm
851 1265 1042 1314 interea
1073 1265 1290 1313 Tullius.
1363 1263 1566 1312 Deinde

248 1347 345 1395 iste
368 1355 511 1413 pater
533 1348 747 1396 familias
772 1348 1034 1396 Asiaticus
1056 1349 1236 1396 beatus
1268 1364 1427 1396 novus
1465 1363 1568 1394 ara·

246 1435 328 1479 tor
350 1437 401 1478 et
424 1431 556 1478 idem
581 1431 865 1495 pecuarius,
904 1448 1022 1479 eum
1047 1438 1333 1496 amputaret
1357 1431 1407 1479 in
1427 1446 1564 1493 agro,

249 1513 604 1562 animadvertit
637 1512 697 1579 iu·
724 1513 820 1561 hae
860 1513 972 1577 ipsa
1007 1513 1247 1562 Centuria
1280 1513 1570 1577 Populiana

249 1595 519 1643 aedificium
535 1612 635 1643 non
654 1594 725 1642 ita
741 1612 993 1658 magnum,
1018 1612 1319 1659 servumque
1335 1595 1410 1643 M.
1426 1595 1568 1643 Tulli

250 1676 529 1726 Philinum.
602 1677 743 1732 Quid
766 1677 924 1735 vobis,
961 1679 1140 1741 inquit,
1179 1678 1292 1727 istic
1328 1678 1497 1741 negoti
1519 1677 1569 1727 in

249 1776 363 1809 meo
404 1760 514 1808 est?
583 1759 768 1808 Servus
799 1761 1061 1825 respondit
1095 1761 1347 1825 pudenter
1384 1768 1435 1808 at
1469 1776 1570 1808 non

249 1843 420 1901 stulte,
460 1842 743 1892 Dominum
783 1859 895 1891 esse
930 1844 997 1891 ad
1033 1843 1233 1892 villam:
1270 1859 1422 1908 posse
1454 1860 1570 1891 eum

251 1942 370 1975 cum
394 1942 453 1975 eo
488 1926 787 1991 disceptare,
825 1926 1001 1991 siquid
1031 1927 1196 1975 vellet.
1269 1926 1440 1990 Rogat
1477 1926 1571 1974 Fa-

253 2008 369 2056 bius
393 2008 745 2067 Acerronium‚
782 2027 899 2058 nam
922 2010 992 2058 ibi
1016 2016 1126 2058 tum
1150 2016 1269 2067 erat,
1308 2016 1366 2058 ut
1397 2026 1570 2058 seeum

255 2090 407 2140 simul
425 2091 591 2140 veniat
606 2092 675 2140 ad
689 2091 936 2140 Tullium.
976 2091 1143 2140 Venit.
1163 2092 1253 2140 Ad
1271 2092 1441 2141 villam
1465 2099 1572 2140 erat

250 2173 477 2223 Tullius.
512 2174 760 2240 Appellat
783 2174 987 2233 Fabius,
1026 2181 1083 2223 ut
1105 2181 1194 2223 aut
1216 2175 1326 2240 ipse
1342 2175 1571 2223 Tullium

252 2256 542 2314 deduceret,
581 2262 671 2305 aut
691 2258 756 2305 ab
780 2273 839 2305 eo
864 2257 1237 2307 deduceretur.n
1307 2257 1449 2307 Dicit
1486 2259 1573 2306 de-

302 2450 318 2472 ¹‘
335 2449 503 2505 ‘Irgtdlego
527 2461 592 2496 pro
618 2451 773 2499 intelligo
798 2451 1084 2486 constantissime
1110 2451 1183 2486 w'dj
1210 2451 1248 2485 in
1270 2450 1392 2485 multis
1415 2449 1571 2495 antiquis

254 2498 493 2589 Οἳὼῦιιῖουζῑο
509 2544 601 2587 duos,
627 2542 723 2587 quod
744 2542 976 2577 Grammatici
993 2541 1207 2576 concedunt.

302 2595 327 2612 ’Β
340 2591 511 2636 Superius
527 2592 698 2636 scriptum
714 2592 769 2623 est
795 2588 996 2635 Thyrinum.
1043 2589 1165 2622 Etiam
1187 2587 1304 2622 codex
1318 2597 1412 2620 unus
1429 2585 1572 2628 Quinti-

255 2635 343 2689 ¹i.²¹³i
355 2637 613 2672 Ambrosianus
627 2636 665 2671 in
677 2637 757 2670 loco
773 2646 879 2681 supra
904 2637 1015 2671 citato
1040 2635 1148 2669 habet
1170 2635 1247 2668 sine
1262 2633 1476 2678 aspiratione
1499 2633 1570 2676 Ty-

259 2692 525 2766 nunuIgleducere
540 2730 695 2775 aliquem
709 2729 754 2763 de
770 2730 1003 2774 possessione,
1027 2730 1082 2763 est
1107 2727 1275 2762 eumdem
1300 2726 1490 2770 expellere,
1514 2725 1572 2758 vel

259 2784 305 2808 ea
318 2777 467 2820 privare.
514 2777 645 2811 Confer
659 2788 722 2821 pro
745 2776 779 2810 A
805 2775 953 2810 Caecina
978 2785 1043 2810 vn.
1091 2774 1292 2809 Denuntiat
1320 2773 1428 2817 igitur
1451 2772 1572 2806 Tullio

260 2820 396 2872 Fabius
410 2823 604 2868 optionem,
628 2827 670 2858 ut
687 2824 732 2857 de
749 2833 833 2866 agro
848 2826 1074 2858 controverso
1091 2825 1154 2857 aut
1170 2822 1246 2869 ipse
1262 2820 1424 2863 facessat,
1440 2819 1571 2853 iudicio

257 2869 480 2916 mter-posim,
506 2873 569 2906 aut
584 2881 622 2906 se
634 2880 712 2906 esse
728 2870 761 2905 ei
777 2880 972 2906 cessurum.
