1971 3263
257 1909 315 1943 De
330 1910 435 1942 aetatc

234 1956 358 2001 pn'on's

233 2003 416 2046 scripturae

231 2050 269 2083 in
281 2048 440 2082 duobus-

436 284 593 332 xxxiv
896 295 1101 329 PRAEVIA
1138 295 1297 329 OPERI

439 405 703 462 familiaris,
740 409 789 450 et
828 404 962 452 circa
1001 410 1228 468 tempora
1273 404 1475 454 Claudii
1515 404 1747 469 Scriptor

442 507 624 554 clarus.
709 502 843 557 Quia
877 519 992 551 vero
1038 503 1180 552 locus
1214 491 1523 567 Hieronymi,
1560 506 1610 552 in
1641 520 1745 568 quo

441 602 698 653 Asconius
723 602 993 651 historicus
1023 603 1323 659 nominatur,
1349 603 1497 666 plane
1532 604 1747 651 incertus

442 710 531 760 est,
554 703 692 750 haud
717 702 823 750 scio
857 720 919 750 an
949 702 990 749 is
1020 702 1126 750 iure
1150 720 1180 751 a
1197 702 1383 750 Vossio
1417 702 1546 749 inter
1567 701 1748 749 latinos

442 803 712 851 historicos
744 808 1074 859 recenseatur,
1120 801 1215 849 nisi
1260 803 1385 849 forte
1421 801 1485 848 ob
1527 798 1751 848 Sallustii

443 903 628 959 Vitam,
655 920 806 966 quam
836 903 899 950 ab
941 901 1168 950 Asconio
1204 901 1542 964 conscriptam
1563 898 1752 947 indicat

444 1004 585 1052 Acro
618 1004 683 1050 ad
718 1002 898 1050 Horat.
970 1001 1138 1063 Satyr.
1159 1000 1215 1048 1l.
1245 1017 1290 1047 v.
1323 1006 1401 1049 41.
1427 998 1536 1047 Lib.
1565 1004 1605 1046 1.
1653 996 1755 1044 Ne-

446 1103 570 1168 quid
605 1102 770 1150 dicam
804 1103 868 1148 de
904 1100 1105 1149 Libello
1139 1099 1223 1148 cui
1244 1100 1416 1147 titulus
1451 1102 1508 1147 de
1545 1097 1754 1162 Origine

449 1202 622 1251 Gentis
652 1218 875 1258 romanae,
903 1217 1056 1265 quem
1093 1199 1319 1247 Asconio
1354 1212 1616 1261 perperam
1649 1195 1756 1258 qui-

448 1303 565 1349 dam
585 1301 890 1348 tribuerunt:
929 1315 1146 1363 quorum
1169 1297 1415 1345 sententia
1429 1312 1522 1343 nec
1542 1312 1572 1343 a
1587 1293 1758 1343 Fabri-

449 1400 526 1447 cio
562 1400 807 1462 probatur
828 1398 877 1445 in
894 1397 1125 1455 Asconio,
1147 1404 1294 1460 atque
1319 1397 1382 1444 ab
1399 1396 1508 1460 ipso
1531 1395 1758 1444 Auctore

449 1498 637 1546 Libelli
665 1496 938 1561 repellitur,
959 1497 1046 1559 qui
1075 1497 1124 1544 in
1159 1496 1371 1544 exordio
1397 1495 1575 1559 Operis
1607 1493 1762 1543 nomi-

448 1604 537 1646 nat
553 1597 804 1645 decimum
820 1596 1138 1644 consulatum
1170 1593 1462 1651 Constantii,
1484 1593 1625 1641 cuius
1641 1599 1760 1641 aetas

449 1697 664 1744 immane
699 1701 946 1758 quantum
978 1695 1041 1742 ab
1076 1693 1378 1750 Asconiana,
1412 1710 1561 1755 quam
1590 1692 1762 1740 statui-

450 1812 578 1852 mus,
595 1794 752 1842 abest.

520 1893 666 1943 XIV.
702 1893 951 1949 Quoniam
972 1895 1036 1942 de
1059 1894 1271 1942 Asconii
1301 1898 1446 1941 aetate
1460 1908 1550 1956 pro
1578 1891 1764 1939 viribus

456 1993 547 2056 egi,
566 1998 719 2040 restat
747 1999 803 2040 ut
829 1992 1023 2056 aliquid
1058 1993 1220 2041 dicam
1255 1994 1317 2041 de
1350 1992 1516 2057 priore
1547 1992 1765 2040 duorum

232 2096 441 2140 palimpses-
456 2091 896 2157 palimpsestorum
915 2092 1175 2155 scriptura,
1200 2092 1250 2140 in
1267 2091 1448 2156 quibus
1472 2108 1565 2155 ego
1581 2091 1768 2139 inedita

235 2143 281 2175 tis
298 2142 432 2174 Biblio-

234 2188 349 2222 thecae

237 2235 359 2269 Ambr.

459 2197 566 2239 tun-1
586 2189 843 2238 Ciceronis
865 2190 1032 2254 Opera
1048 2192 1370 2255 deprehendi,
1389 2198 1494 2239 tum
1513 2190 1767 2239 etiamAs-

457 2289 604 2346 conii,
625 2295 677 2336 ut
701 2289 935 2352 gravibus
969 2291 1276 2353 argumentis
1303 2307 1381 2338 me
1413 2290 1768 2354 comprobasse

459 2388 676 2436 confido.
725 2388 860 2436 Nam
878 2389 941 2435 de
963 2389 1112 2437 tertio
1132 2389 1325 2438 Codice
1355 2389 1524 2437 saeculi
1547 2406 1596 2437 x.
1617 2406 1645 2436 e
1665 2405 1768 2452 quo

459 2487 559 2534 alia
596 2487 829 2550 quaedam
871 2487 1074 2545 scholia,
1115 2488 1405 2536 Asconiana
1459 2488 1658 2551 pariter,
1716 2494 1771 2535 ut

458 2592 600 2649 puto,
627 2586 883 2650 exscripsi,
905 2587 1032 2634 infra
1053 2604 1198 2651 agam
1230 2588 1280 2636 in
1311 2586 1524 2644 Monito,
1543 2587 1683 2651 quod
1699 2587 1773 2635 eis

460 2700 768 2748 praeponam.
839 2685 884 2733 E
918 2685 1076 2748 primo
1107 2685 1307 2749 quidem
1348 2686 1674 2750 palimpsesto
1714 2702 1774 2734 ea

466 2783 671 2832 Scholia
697 2785 816 2842 erui,
851 2803 964 2849 quae
987 2785 1224 2834 Partibus
1255 2802 1282 2833 a
1319 2802 1400 2834 me
1433 2802 1593 2850 nuper
1631 2783 1777 2834 editis
