1918 3254
603 264 703 299 PRO
727 264 961 305 PLANCIO.
1354 266 1445 308 107

145 357 349 405 militem
373 358 588 408 dicendo
607 360 811 408 invitum
836 362 932 409 hoc
955 362 1132 418 facere,
1159 368 1214 417 ut
1236 361 1447 410 offerens

145 456 378 498 coronam
410 442 616 498 civicam
660 443 935 501 debitorem
973 443 1200 490 beneficii
1232 442 1298 491 ssecl
1332 459 1448 491 cone

142 521 327 570 stituat.
399 526 551 580 Quod
591 526 740 588 igitur
777 526 925 573 anxie
962 534 1012 572 et
1047 525 1256 580 moleste
1279 541 1448 587 grega-

138 603 242 661 rius
266 605 404 655 miles
435 608 634 669 patitur,
659 607 726 664 id,
754 607 901 656 nullis
939 608 1158 670 acceptis
1181 606 1446 661 beneficiis,

141 702 270 742 onus
315 690 623 738 verecundiae
661 706 759 737 suae
805 705 904 738 non
935 689 1227 753 imponerete
1276 705 1450 739 consu-

141 767 272 817 laris.

205 852 359 901 NOLo
404 870 608 902 CETERA
655 870 764 904 QUAE
804 870 835 900 A
885 869 958 901 ΜΕ
997 869 1259 901 MANDATA
1312 867 1445 900 SUNT
1466 872 1662 908 Ed.N.74.

142 948 393 983 LITTERIS
419 953 699 984 RECITARE.

205 1014 482 1068 Suffecerat
518 1019 644 1064 enim
671 1019 733 1065 de
765 1035 824 1065 ea
855 1018 1080 1065 oratione
1104 1018 1305 1075 dixisse,
1346 1035 1449 1081 qua

137 1099 215 1147 vel
252 1099 446 1150 senatui
486 1099 557 1146 vel
606 1099 799 1162 populo
839 1100 1024 1161 gratias
1078 1098 1207 1161 egit.¹‘
1293 1100 1446 1148 Nunc

140 1188 308 1229 autem
344 1190 394 1228 et
434 1182 497 1228 de
533 1182 753 1229 versibus
798 1181 902 1228 suis
940 1182 1100 1228 facere
1147 1181 1447 1229 mentionem

138 1262 347 1316 videtur,
370 1280 498 1326 quos
522 1263 921 1326 intempestivum
946 1263 1074 1310 sitin
1105 1263 1328 1310 iudiciali
1352 1263 1448 1311 dis-

140 1345 402 1393 sertatione
422 1345 643 1393 recitare.
696 1344 812 1392 Non
837 1345 1001 1408 potuit
1027 1352 1188 1392 tamen
1211 1346 1262 1393 in
1284 1353 1447 1394 totum

139 1426 203 1474 de
226 1427 286 1474 isg
308 1437 486 1476 tacere.
573 1428 704 1475 Nam
745 1429 806 1475 de
853 1428 1116 1475 consulatu
1158 1444 1250 1475 suo
1295 1427 1448 1490 scrip-

139 1508 204 1556 sit
243 1512 442 1573 poetico
489 1520 659 1567 metro,
695 1528 806 1574 quae
842 1510 961 1556 mihi
1002 1510 1233 1556 ridentur
1278 1508 1446 1572 Opera

139 1592 300 1640 minus
326 1594 477 1656 digna
501 1593 611 1640 talis
634 1593 721 1640 viri
743 1591 975 1639 nomine.h

138 1772 160 1788 ‘⁶
178 1772 354 1806 custodito
370 1776 489 1805 tamen
506 1772 635 1805 honore
657 1771 828 1813 glandis?
887 1772 1066 1812 Quernam
1094 1780 1154 1805 aut
1178 1774 1324 1817 ilignam
1339 1773 1446 1807 fuisse

139 1816 288 1851 civicam
303 1818 466 1852 Coronam
481 1822 629 1851 testatur
642 1818 748 1851 etiam
763 1818 898 1851 Gellius
909 1819 953 1851 V.
967 1822 999 1852 6.
1018 1820 1086 1851 Sed
1101 1820 1209 1852 nostri
1227 1819 1445 1862 Interprefis,

138 1865 334 1907 praesertirn
361 1866 389 1898 si
416 1865 446 1897 is
467 1870 520 1897 est
536 1865 723 1903 Asconius,
753 1875 822 1897 non
846 1864 931 1897 levis
951 1865 1140 1897 auctoritas
1167 1869 1230 1898 est.
1279 1865 1447 1899 Ceterum

139 1910 277 1943 etiamsi
295 1911 358 1943 hoc
372 1912 447 1944 loco
459 1910 636 1953 Imerpres
651 1911 825 1942 Coronam
837 1911 886 1943 cix
896 1911 984 1943 icam
1000 1911 1115 1943 minus
1128 1916 1222 1944 recte
1234 1912 1447 1956 groemineam

139 1955 296 1993 dixisset,
319 1954 580 1989 meminerimus
604 1967 737 1989 errores
766 1957 951 1989 nonnullos
983 1957 1092 2000 ipsius
1120 1957 1227 1990 etiam
1259 1958 1403 1990 Asconii
1425 1969 1446 1991 a

139 2001 279 2036 Criticis
294 2003 417 2035 notari.
448 2002 541 2035 Vide
558 2001 657 2040 infra,
674 2013 706 2044 p.
723 2004 798 2035 110.
819 2013 849 2035 n.
863 2006 895 2038 3.
915 2003 1076 2035 Errorem
1091 2004 1304 2036 contrarium
1319 2008 1446 2046 peccat

138 2048 286 2085 Plinius,
307 2049 366 2081 lib.
394 2049 464 2081 xvi.
481 2050 512 2081 5.
532 2047 841 2091 dicensfroudeam
858 2059 1021 2080 coronam
1036 2048 1300 2090 obsidionalem,
1320 2050 1363 2082 de
1375 2060 1445 2093 qua

137 2094 188 2128 ibi
204 2095 375 2137 loquitur:
402 2105 506 2137 quam
525 2101 643 2126 tamen
669 2093 727 2126 lib.
744 2098 879 2126 xxm—1.
894 2100 988 2126 recte
1009 2094 1221 2139 ,gv-amimam
1234 2095 1329 2128 idem
1343 2105 1446 2129 voca-

139 2140 199 2174 vit.
248 2140 340 2174 Vide
356 2140 577 2174 Paschalium
593 2139 632 2172 de
650 2139 790 2172 Coronis
808 2140 884 2172 Lib.
902 2149 963 2172 ΠΙ.
981 2151 1056 2184 cap.
1072 2148 1144 2173 xvi.

185 2201 200 2223 ‘³
225 2203 451 2246 Supplevise.

185 2254 199 2269 Ε
223 2249 310 2282 Cod.
328 2250 561 2294 imponeretur.

182 2294 195 2315 f
216 2296 451 2328 Considerent
472 2295 566 2329 hunc
582 2294 688 2327 etiam
713 2294 828 2328 locum
842 2294 866 2327 ii
882 2294 1094 2328 recentiores
1108 2294 1240 2331 Critioi,
1256 2294 1338 2327 lieet
1352 2305 1445 2328 sum-

139 2342 200 2382 mi,
224 2343 284 2384 qui
302 2342 489 2375 Orationes
509 2347 583 2387 post
607 2341 749 2374 reditum
765 2341 800 2374 in
817 2340 954 2382 Senatu,
985 2345 1021 2373 et
1046 2341 1091 2374 ad
1106 2341 1258 2378 Quirites
1283 2341 1446 2375 Ciceroni

138 2388 353 2422 abiudicant.

183 2439 200 2461 Β
224 2435 323 2467 Alias
348 2435 526 2467 monuisse
554 2444 609 2467 me
641 2432 796 2467 memini.
816 2433 964 2466 Veteres
981 2432 1160 2466 Iotacismi
1178 2432 1312 2465 vitandi
1338 2443 1445 2466 cansa

138 2481 388 2523 pronunciasse
414 2491 509 2523 saepe
535 2490 642 2512 unam
671 2480 682 2511 i
709 2490 770 2522 pro
789 2480 936 2511 duabus.
984 2478 1079 2512 Vide
1098 2479 1245 2519 Quimil.
1264 2478 1350 2511 lust.
1370 2483 1442 2513 1.5.

137 2527 257 2570 ibique
288 2527 396 2559 Notas
422 2527 548 2569 Itaque
566 2526 663 2558 xides
687 2524 744 2558 hic
772 2525 802 2558 is
826 2536 886 2569 pro
903 2525 946 2557 iis
966 2525 1134 2558 Ceterum
1159 2524 1317 2568 superius
1335 2524 1444 2559 habes

139 2573 266 2613 iisdem,
283 2584 353 2606 non
370 2573 484 2612 isdem,
499 2572 591 2615 quod
610 2572 854 2614 tamenipsnrn
872 2571 952 2603 alibi
968 2571 1028 2604 tibi
1046 2575 1216 2604 occurret.

186 2617 201 2638 ¹¹
226 2619 336 2651 Haud
351 2619 399 2651 ita
418 2619 570 2662 loquitur
593 2622 712 2650 noster
740 2618 928 2660 Interpres.
947 2617 1042 2660 quod
1058 2617 1145 2649 forte
1169 2619 1270 2660 putet
1286 2617 1444 2660 spurium

138 2664 227 2697 illud
238 2664 417 2698 Ciceronis
433 2665 576 2697 Poema.
626 2664 719 2696 §am
735 2664 808 2708 ipse
832 2664 957 2696 Cicero
974 2674 1018 2695 ex
1042 2674 1084 2695 co
1096 2673 1219 2695 versus
1234 2672 1392 2696 Lxxi'm.
1410 2663 1445 2696 iu

141 2710 247 2743 seruit
266 2711 368 2743 Libro
386 2720 408 2744 1.
430 2711 469 2744 de
489 2710 721 2747 Divinatione,
749 2713 879 2754 praeter
903 2709 1023 2742 Scrxii.
1043 2709 1285 2743 auctoritatem
1304 2709 1347 2742 :ul
1368 2709 1446 2740 Yir-

140 2755 213 2797 gilii
226 2756 348 2800 Eelog.
367 2766 446 2792 vlll.
472 2767 506 2791 V.
527 2759 603 2793 106.
652 2757 734 2790 Hoc
752 2760 891 2789 tantum
919 2755 1095 2799 luter-pres
1109 2755 1292 2797 siguificat.
1309 2765 1377 2788 non
1399 2757 1445 2787 ii-
