<?xml version="1.0" encoding="UTF-8"?>
<!DOCTYPE html PUBLIC "-//W3C//DTD XHTML 1.0 Transitional//EN"
    "http://www.w3.org/TR/xhtml1/DTD/xhtml1-transitional.dtd">
<html xmlns="http://www.w3.org/1999/xhtml" xml:lang="en" lang="en">
 <head>
  <title>
</title>
<meta http-equiv="Content-Type" content="text/html;charset=utf-8" />
  <meta name='ocr-system' content='tesseract 3.04.00' />
  <meta name='ocr-capabilities' content='ocr_page ocr_carea ocr_par ocr_line ocrx_word'/>
</head>
<body>
  <div class='ocr_page' id='page_1' title='image "./sexorationumfrag00ciceuoft_0126.png"; bbox 0 0 1918 3254; ppageno 0'>
   <div class='ocr_carea' id='block_1_1' title="bbox 479 308 1367 354">
    <p class='ocr_par' dir='ltr' id='par_1_1' title="bbox 479 308 1367 354">
     <span class='ocr_line' id='line_1_1' title="bbox 479 308 1367 354; baseline 0.007 -13"><span class='ocrx_word' id='word_1_1' title='bbox 479 311 542 354; x_wconf 73' lang='lat'>⁶20</span> <span class='ocrx_word' id='word_1_2' title='bbox 945 310 1001 344; x_wconf 70' lang='lat' dir='ltr'>m</span> <span class='ocrx_word' id='word_1_3' title='bbox 1035 310 1087 344; x_wconf 86' lang='lat' dir='ltr'>.P.</span> <span class='ocrx_word' id='word_1_4' title='bbox 1126 308 1367 347; x_wconf 76' lang='lat' dir='ltr'>cLomuM</span> 
     </span>
    </p>
   </div>
   <div class='ocr_carea' id='block_1_2' title="bbox 473 410 1798 886">
    <p class='ocr_par' dir='ltr' id='par_1_2' title="bbox 546 410 1482 459">
     <span class='ocr_line' id='line_1_2' title="bbox 546 410 1482 459; baseline 0.002 -2"><span class='ocrx_word' id='word_1_5' title='bbox 546 410 719 457; x_wconf 80' lang='lat' dir='ltr'><strong>ILLUM</strong></span> <span class='ocrx_word' id='word_1_6' title='bbox 747 421 1038 454; x_wconf 83' lang='lat' dir='ltr'>PATRONUM</span> <span class='ocrx_word' id='word_1_7' title='bbox 1064 423 1337 458; x_wconf 71' lang='lat' dir='ltr'>L131D1N1s</span> <span class='ocrx_word' id='word_1_8' title='bbox 1364 426 1482 459; x_wconf 84' lang='lat' dir='ltr'><strong>SUAE.</strong></span> 
     </span>
    </p>

    <p class='ocr_par' dir='ltr' id='par_1_3' title="bbox 473 487 1798 886">
     <span class='ocr_line' id='line_1_3' title="bbox 546 487 1795 556; baseline 0.001 -18"><span class='ocrx_word' id='word_1_9' title='bbox 546 490 620 538; x_wconf 88' lang='lat' dir='ltr'>.C.</span> <span class='ocrx_word' id='word_1_10' title='bbox 656 488 924 536; x_wconf 86' lang='lat' dir='ltr'>Curionem</span> <span class='ocrx_word' id='word_1_11' title='bbox 962 487 1051 551; x_wconf 90' lang='lat' dir='ltr'>qui</span> <span class='ocrx_word' id='word_1_12' title='bbox 1085 488 1150 535; x_wconf 91' lang='lat' dir='ltr'>de</span> <span class='ocrx_word' id='word_1_13' title='bbox 1184 492 1549 553; x_wconf 89' lang='lat' dir='ltr'>proscribtione</span> <span class='ocrx_word' id='word_1_14' title='bbox 1584 491 1795 556; x_wconf 88' lang='lat' dir='ltr'>Syllana</span> 
     </span>
     <span class='ocr_line' id='line_1_4' title="bbox 473 572 1795 638; baseline -0.002 -15"><span class='ocrx_word' id='word_1_15' title='bbox 473 574 694 624; x_wconf 83' lang='lat' dir='ltr'>fundum</span> <span class='ocrx_word' id='word_1_16' title='bbox 730 580 917 620; x_wconf 90' lang='lat' dir='ltr'>emerat</span> <span class='ocrx_word' id='word_1_17' title='bbox 940 572 991 620; x_wconf 87' lang='lat' dir='ltr'>in</span> <span class='ocrx_word' id='word_1_18' title='bbox 1028 572 1307 636; x_wconf 83' lang='lat' dir='ltr'>Campania</span> <span class='ocrx_word' id='word_1_19' title='bbox 1330 573 1418 636; x_wconf 90' lang='lat' dir='ltr'>qui</span> <span class='ocrx_word' id='word_1_20' title='bbox 1454 574 1606 622; x_wconf 88' lang='lat' dir='ltr'>Marii</span> <span class='ocrx_word' id='word_1_21' title='bbox 1636 590 1795 638; x_wconf 86' lang='lat' dir='ltr'>nuper</span> 
     </span>
     <span class='ocr_line' id='line_1_5' title="bbox 475 656 1796 722; baseline 0.002 -19"><span class='ocrx_word' id='word_1_22' title='bbox 475 658 636 703; x_wconf 83' lang='lat' dir='ltr'>fuerat</span> <span class='ocrx_word' id='word_1_23' title='bbox 658 663 710 703; x_wconf 87' lang='lat' dir='ltr'>et</span> <span class='ocrx_word' id='word_1_24' title='bbox 733 656 892 720; x_wconf 87' lang='lat' dir='ltr'>ipsius</span> <span class='ocrx_word' id='word_1_25' title='bbox 914 656 1196 719; x_wconf 81' lang='lat' dir='ltr'>Arpinatis.</span> <span class='ocrx_word' id='word_1_26' title='bbox 1267 656 1383 710; x_wconf 85' lang='lat' dir='ltr'>Quo</span> <span class='ocrx_word' id='word_1_27' title='bbox 1403 673 1456 704; x_wconf 92' lang='lat' dir='ltr'>se</span> <span class='ocrx_word' id='word_1_28' title='bbox 1474 657 1707 722; x_wconf 85' lang='lat' dir='ltr'>exemplo</span> <span class='ocrx_word' id='word_1_29' title='bbox 1726 657 1796 704; x_wconf 87' lang='lat' dir='ltr'>fa-</span> 
     </span>
     <span class='ocr_line' id='line_1_6' title="bbox 476 738 1798 804; baseline 0.001 -19"><span class='ocrx_word' id='word_1_30' title='bbox 476 739 661 786; x_wconf 91' lang='lat' dir='ltr'>cillime</span> <span class='ocrx_word' id='word_1_31' title='bbox 685 738 864 787; x_wconf 88' lang='lat' dir='ltr'>Cicero</span> <span class='ocrx_word' id='word_1_32' title='bbox 897 739 1146 804; x_wconf 83' lang='lat' dir='ltr'>purgavit,</span> <span class='ocrx_word' id='word_1_33' title='bbox 1185 755 1284 787; x_wconf 90' lang='lat' dir='ltr'>non</span> <span class='ocrx_word' id='word_1_34' title='bbox 1323 755 1433 787; x_wconf 84' lang='lat' dir='ltr'>esse</span> <span class='ocrx_word' id='word_1_35' title='bbox 1468 739 1521 786; x_wconf 91' lang='lat' dir='ltr'>id</span> <span class='ocrx_word' id='word_1_36' title='bbox 1553 739 1603 786; x_wconf 90' lang='lat' dir='ltr'>in</span> <span class='ocrx_word' id='word_1_37' title='bbox 1640 756 1694 787; x_wconf 92' lang='lat' dir='ltr'>se</span> <span class='ocrx_word' id='word_1_38' title='bbox 1726 756 1798 787; x_wconf 86' lang='lat' dir='ltr'>re·</span> 
     </span>
     <span class='ocr_line' id='line_1_7' title="bbox 475 821 1794 886; baseline 0.001 -17"><span class='ocrx_word' id='word_1_39' title='bbox 475 822 904 885; x_wconf 87' lang='lat' dir='ltr'>prehendendum,</span> <span class='ocrx_word' id='word_1_40' title='bbox 945 824 1086 886; x_wconf 91' lang='lat' dir='ltr'>quod</span> <span class='ocrx_word' id='word_1_41' title='bbox 1122 821 1364 885; x_wconf 86' lang='lat' dir='ltr'>municipi</span> <span class='ocrx_word' id='word_1_42' title='bbox 1394 838 1487 870; x_wconf 90' lang='lat' dir='ltr'>suo</span> <span class='ocrx_word' id='word_1_43' title='bbox 1514 821 1590 870; x_wconf 88' lang='lat' dir='ltr'>.C.</span> <span class='ocrx_word' id='word_1_44' title='bbox 1628 821 1794 870; x_wconf 88' lang='lat' dir='ltr'>Mario</span> 
     </span>
    </p>
   </div>
   <div class='ocr_carea' id='block_1_3' title="bbox 470 904 1796 1546">
    <p class='ocr_par' dir='ltr' id='par_1_4' title="bbox 474 904 1448 970">
     <span class='ocr_line' id='line_1_8' title="bbox 474 904 1448 970; baseline -0.002 -17"><span class='ocrx_word' id='word_1_45' title='bbox 474 906 731 954; x_wconf 89' lang='lat' dir='ltr'>consulari</span> <span class='ocrx_word' id='word_1_46' title='bbox 755 923 1029 970; x_wconf 86' lang='lat' dir='ltr'>numquam</span> <span class='ocrx_word' id='word_1_47' title='bbox 1053 904 1200 953; x_wconf 89' lang='lat' dir='ltr'>fuerit</span> <span class='ocrx_word' id='word_1_48' title='bbox 1223 905 1448 952; x_wconf 76' lang='lat' dir='ltr'>infame.a</span> 
     </span>
    </p>

    <p class='ocr_par' dir='ltr' id='par_1_5' title="bbox 473 989 1794 1129">
     <span class='ocr_line' id='line_1_9' title="bbox 538 989 1794 1038; baseline -0.002 -1"><span class='ocrx_word' id='word_1_49' title='bbox 538 989 670 1037; x_wconf 79' lang='grc' dir='ltr'>ΝΛΜ</span> <span class='ocrx_word' id='word_1_50' title='bbox 697 1005 948 1038; x_wconf 77' lang='lat' dir='ltr'>RUSTlcos</span> <span class='ocrx_word' id='word_1_51' title='bbox 976 1006 1030 1037; x_wconf 86' lang='lat' dir='ltr'>EI</span> <span class='ocrx_word' id='word_1_52' title='bbox 1059 1005 1156 1038; x_wconf 83' lang='lat' dir='ltr'>Nos</span> <span class='ocrx_word' id='word_1_53' title='bbox 1178 1003 1373 1035; x_wconf 79' lang='lat' dir='ltr'>VIDERI</span> <span class='ocrx_word' id='word_1_54' title='bbox 1399 1003 1569 1035; x_wconf 75' lang='lat' dir='ltr'>MlNus</span> <span class='ocrx_word' id='word_1_55' title='bbox 1595 1002 1794 1035; x_wconf 72' lang='lat' dir='ltr'>MIRAN-</span> 
     </span>
     <span class='ocr_line' id='line_1_10' title="bbox 473 1069 1793 1129; baseline -0.003 -8"><span class='ocrx_word' id='word_1_56' title='bbox 473 1088 588 1121; x_wconf 85' lang='lat' dir='ltr'>DUM</span> <span class='ocrx_word' id='word_1_57' title='bbox 610 1088 719 1129; x_wconf 84' lang='lat' dir='ltr'><strong>EST,</strong></span> <span class='ocrx_word' id='word_1_58' title='bbox 741 1087 832 1121; x_wconf 80' lang='lat' dir='ltr'>QUI</span> <span class='ocrx_word' id='word_1_59' title='bbox 859 1087 1184 1120; x_wconf 86' lang='lat' dir='ltr'>MANICATAM</span> <span class='ocrx_word' id='word_1_60' title='bbox 1206 1070 1481 1118; x_wconf 70' lang='lat' dir='ltr'>TUNchMb</span> <span class='ocrx_word' id='word_1_61' title='bbox 1503 1077 1553 1118; x_wconf 88' lang='lat' dir='ltr'>et</span> <span class='ocrx_word' id='word_1_62' title='bbox 1571 1069 1793 1118; x_wconf 80' lang='lat' dir='ltr'>relicum.</span> 
     </span>
    </p>

    <p class='ocr_par' dir='ltr' id='par_1_6' title="bbox 470 1153 1796 1546">
     <span class='ocr_line' id='line_1_11' title="bbox 539 1153 1796 1217; baseline -0.001 -16"><span class='ocrx_word' id='word_1_63' title='bbox 539 1153 708 1201; x_wconf 85' lang='lat' dir='ltr'>Mixta</span> <span class='ocrx_word' id='word_1_64' title='bbox 756 1153 1018 1217; x_wconf 85' lang='lat' dir='ltr'>responsio</span> <span class='ocrx_word' id='word_1_65' title='bbox 1064 1161 1114 1202; x_wconf 87' lang='lat' dir='ltr'>et</span> <span class='ocrx_word' id='word_1_66' title='bbox 1156 1153 1350 1202; x_wconf 87' lang='lat' dir='ltr'>facetiis</span> <span class='ocrx_word' id='word_1_67' title='bbox 1404 1153 1702 1200; x_wconf 86' lang='lat' dir='ltr'>urbanitatis</span> <span class='ocrx_word' id='word_1_68' title='bbox 1746 1159 1796 1200; x_wconf 88' lang='lat' dir='ltr'>et</span> 
     </span>
     <span class='ocr_line' id='line_1_12' title="bbox 470 1234 1795 1300; baseline -0.001 -17"><span class='ocrx_word' id='word_1_69' title='bbox 470 1235 754 1300; x_wconf 82' lang='lat' dir='ltr'>asperitatis</span> <span class='ocrx_word' id='word_1_70' title='bbox 797 1237 977 1284; x_wconf 73' lang='lat' dir='ltr'>aculeis</span> <span class='ocrx_word' id='word_1_71' title='bbox 1021 1253 1122 1284; x_wconf 89' lang='lat' dir='ltr'>non</span> <span class='ocrx_word' id='word_1_72' title='bbox 1169 1237 1276 1283; x_wconf 90' lang='lat' dir='ltr'>sine</span> <span class='ocrx_word' id='word_1_73' title='bbox 1321 1235 1522 1282; x_wconf 78' lang='lat' dir='ltr'>lenitie.‘³</span> <span class='ocrx_word' id='word_1_74' title='bbox 1603 1234 1795 1282; x_wconf 85' lang='lat' dir='ltr'>Definit</span> 
     </span>
     <span class='ocr_line' id='line_1_13' title="bbox 470 1317 1794 1380; baseline 0.001 -16"><span class='ocrx_word' id='word_1_75' title='bbox 470 1318 601 1365; x_wconf 85' lang='lat' dir='ltr'>enim</span> <span class='ocrx_word' id='word_1_76' title='bbox 625 1318 843 1365; x_wconf 86' lang='lat' dir='ltr'>rusticos</span> <span class='ocrx_word' id='word_1_77' title='bbox 867 1324 916 1365; x_wconf 92' lang='lat' dir='ltr'>et</span> <span class='ocrx_word' id='word_1_78' title='bbox 939 1319 1156 1366; x_wconf 86' lang='lat' dir='ltr'>urbanos</span> <span class='ocrx_word' id='word_1_79' title='bbox 1181 1319 1264 1374; x_wconf 85' lang='lat' dir='ltr'>ita,</span> <span class='ocrx_word' id='word_1_80' title='bbox 1293 1325 1349 1365; x_wconf 91' lang='lat' dir='ltr'>ut</span> <span class='ocrx_word' id='word_1_81' title='bbox 1383 1318 1433 1365; x_wconf 90' lang='lat' dir='ltr'>in</span> <span class='ocrx_word' id='word_1_82' title='bbox 1459 1335 1512 1365; x_wconf 92' lang='lat' dir='ltr'>se</span> <span class='ocrx_word' id='word_1_83' title='bbox 1539 1317 1794 1380; x_wconf 87' lang='lat' dir='ltr'>ingenium</span> 
     </span>
     <span class='ocr_line' id='line_1_14' title="bbox 472 1400 1795 1456; baseline 0.001 -9"><span class='ocrx_word' id='word_1_84' title='bbox 472 1400 648 1448; x_wconf 63' lang='lat' dir='ltr'>sobriae</span> <span class='ocrx_word' id='word_1_85' title='bbox 687 1400 899 1456; x_wconf 84' lang='lat' dir='ltr'>virtutis,</span> <span class='ocrx_word' id='word_1_86' title='bbox 938 1401 988 1446; x_wconf 90' lang='lat' dir='ltr'>in</span> <span class='ocrx_word' id='word_1_87' title='bbox 1024 1401 1210 1451; x_wconf 91' lang='lat' dir='ltr'>Clodio</span> <span class='ocrx_word' id='word_1_88' title='bbox 1246 1400 1433 1450; x_wconf 88' lang='lat' dir='ltr'>indicia</span> <span class='ocrx_word' id='word_1_89' title='bbox 1466 1401 1706 1449; x_wconf 77' lang='lat' dir='ltr'>foeditatis</span> <span class='ocrx_word' id='word_1_90' title='bbox 1742 1407 1795 1448; x_wconf 89' lang='lat' dir='ltr'>et</span> 
     </span>
     <span class='ocr_line' id='line_1_15' title="bbox 472 1481 1046 1546; baseline 0.007 -17"><span class='ocrx_word' id='word_1_91' title='bbox 472 1483 724 1530; x_wconf 84' lang='lat' dir='ltr'>dedecora</span> <span class='ocrx_word' id='word_1_92' title='bbox 748 1481 1046 1546; x_wconf 84' lang='lat' dir='ltr'>proscribat.</span> 
     </span>
    </p>
   </div>
   <div class='ocr_carea' id='block_1_4' title="bbox 462 1778 1791 2840">
    <p class='ocr_par' dir='ltr' id='par_1_7' title="bbox 462 1778 1791 2528">
     <span class='ocr_line' id='line_1_16' title="bbox 516 1778 1790 1823; baseline 0 -11"><span class='ocrx_word' id='word_1_93' title='bbox 516 1783 529 1799; x_wconf 75' lang='lat'><strong>³</strong></span> <span class='ocrx_word' id='word_1_94' title='bbox 557 1779 652 1812; x_wconf 85' lang='lat' dir='ltr'>Hinc</span> <span class='ocrx_word' id='word_1_95' title='bbox 689 1780 760 1812; x_wconf 83' lang='lat' dir='ltr'>iam</span> <span class='ocrx_word' id='word_1_96' title='bbox 792 1778 991 1823; x_wconf 78' lang='lat' dir='ltr'>explicatur</span> <span class='ocrx_word' id='word_1_97' title='bbox 1026 1779 1208 1813; x_wconf 81' lang='lat' dir='ltr'>Ciceronis</span> <span class='ocrx_word' id='word_1_98' title='bbox 1233 1778 1334 1812; x_wconf 86' lang='lat' dir='ltr'>locus</span> <span class='ocrx_word' id='word_1_99' title='bbox 1359 1788 1382 1812; x_wconf 92' lang='lat'>1.</span> <span class='ocrx_word' id='word_1_100' title='bbox 1409 1778 1454 1812; x_wconf 87' lang='lat' dir='ltr'>ad</span> <span class='ocrx_word' id='word_1_101' title='bbox 1479 1778 1556 1813; x_wconf 89' lang='lat' dir='ltr'>Att.</span> <span class='ocrx_word' id='word_1_102' title='bbox 1582 1787 1662 1813; x_wconf 72' lang='lat' dir='ltr'>xvr.</span> <span class='ocrx_word' id='word_1_103' title='bbox 1688 1779 1790 1812; x_wconf 89' lang='lat' dir='ltr'>cuius</span> 
     </span>
     <span class='ocr_line' id='line_1_17' title="bbox 469 1825 1791 1869; baseline 0.002 -12"><span class='ocrx_word' id='word_1_104' title='bbox 469 1836 614 1859; x_wconf 76' lang='lat' dir='ltr'>sensum</span> <span class='ocrx_word' id='word_1_105' title='bbox 631 1825 791 1859; x_wconf 86' lang='lat' dir='ltr'>nondum</span> <span class='ocrx_word' id='word_1_106' title='bbox 809 1826 1024 1869; x_wconf 85' lang='lat' dir='ltr'>Interpretes</span> <span class='ocrx_word' id='word_1_107' title='bbox 1050 1826 1204 1859; x_wconf 78' lang='lat' dir='ltr'>assecuti</span> <span class='ocrx_word' id='word_1_108' title='bbox 1220 1826 1370 1859; x_wconf 86' lang='lat' dir='ltr'>fuerant.</span> <span class='ocrx_word' id='word_1_109' title='bbox 1418 1825 1482 1859; x_wconf 90' lang='lat' dir='ltr'>Ait</span> <span class='ocrx_word' id='word_1_110' title='bbox 1498 1826 1548 1859; x_wconf 89' lang='lat' dir='ltr'>ibi</span> <span class='ocrx_word' id='word_1_111' title='bbox 1566 1826 1692 1859; x_wconf 84' lang='lat' dir='ltr'>Cicero</span> <span class='ocrx_word' id='word_1_112' title='bbox 1708 1825 1791 1859; x_wconf 75' lang='lat' dir='ltr'>Clo-</span> 
     </span>
     <span class='ocr_line' id='line_1_18' title="bbox 469 1871 1791 1915; baseline 0.001 -11"><span class='ocrx_word' id='word_1_113' title='bbox 469 1871 568 1904; x_wconf 83' lang='lat' dir='ltr'>dium</span> <span class='ocrx_word' id='word_1_114' title='bbox 588 1871 655 1905; x_wconf 83' lang='lat' dir='ltr'>sibi</span> <span class='ocrx_word' id='word_1_115' title='bbox 679 1872 851 1905; x_wconf 87' lang='lat' dir='ltr'>obiecisse</span> <span class='ocrx_word' id='word_1_116' title='bbox 879 1872 1022 1906; x_wconf 84' lang='lat' dir='ltr'>delicias</span> <span class='ocrx_word' id='word_1_117' title='bbox 1048 1876 1068 1889; x_wconf 90' lang='grc'>“</span> <span class='ocrx_word' id='word_1_118' title='bbox 1088 1872 1196 1913; x_wconf 88' lang='lat' dir='ltr'>Quid,</span> <span class='ocrx_word' id='word_1_119' title='bbox 1222 1871 1349 1915; x_wconf 81' lang='lat' dir='ltr'>inquit,</span> <span class='ocrx_word' id='word_1_120' title='bbox 1375 1871 1509 1904; x_wconf 88' lang='lat' dir='ltr'>homini</span> <span class='ocrx_word' id='word_1_121' title='bbox 1526 1871 1691 1915; x_wconf 81' lang='lat' dir='ltr'>Arpinati</span> <span class='ocrx_word' id='word_1_122' title='bbox 1707 1882 1791 1905; x_wconf 90' lang='lat' dir='ltr'>cum</span> 
     </span>
     <span class='ocr_line' id='line_1_19' title="bbox 469 1917 1790 1962; baseline 0 -11"><span class='ocrx_word' id='word_1_123' title='bbox 469 1919 492 1935; x_wconf 90' lang='lat'><strong>“</strong></span> <span class='ocrx_word' id='word_1_124' title='bbox 515 1918 617 1961; x_wconf 86' lang='lat' dir='ltr'>aquis</span> <span class='ocrx_word' id='word_1_125' title='bbox 634 1918 781 1952; x_wconf 75' lang='lat' dir='ltr'>calidis?</span> <span class='ocrx_word' id='word_1_126' title='bbox 818 1919 943 1958; x_wconf 83' lang='lat' dir='ltr'>Nan-a,</span> <span class='ocrx_word' id='word_1_127' title='bbox 960 1919 1117 1962; x_wconf 80' lang='lat' dir='ltr'>inquam,</span> <span class='ocrx_word' id='word_1_128' title='bbox 1135 1921 1284 1961; x_wconf 88' lang='lat' dir='ltr'>patrono</span> <span class='ocrx_word' id='word_1_129' title='bbox 1302 1921 1374 1957; x_wconf 88' lang='lat' dir='ltr'>tuo,</span> <span class='ocrx_word' id='word_1_130' title='bbox 1391 1917 1453 1961; x_wconf 92' lang='lat' dir='ltr'>qui</span> <span class='ocrx_word' id='word_1_131' title='bbox 1470 1917 1661 1961; x_wconf 75' lang='lat' dir='ltr'>Arpinates</span> <span class='ocrx_word' id='word_1_132' title='bbox 1678 1928 1790 1962; x_wconf 83' lang='lat' dir='ltr'>aquas</span> 
     </span>
     <span class='ocr_line' id='line_1_20' title="bbox 469 1964 1791 2008; baseline 0.001 -11"><span class='ocrx_word' id='word_1_133' title='bbox 469 1966 490 1981; x_wconf 90' lang='grc'>“</span> <span class='ocrx_word' id='word_1_134' title='bbox 517 1965 754 2007; x_wconf 61' lang='grc' dir='ltr'>(ιοιιριιρίτίῐ.Π</span> <span class='ocrx_word' id='word_1_135' title='bbox 804 1965 913 1998; x_wconf 90' lang='lat' dir='ltr'>Curio</span> <span class='ocrx_word' id='word_1_136' title='bbox 931 1965 1047 1998; x_wconf 89' lang='lat' dir='ltr'>Clodii</span> <span class='ocrx_word' id='word_1_137' title='bbox 1062 1970 1233 2008; x_wconf 84' lang='lat' dir='ltr'>patronus</span> <span class='ocrx_word' id='word_1_138' title='bbox 1250 1968 1385 1997; x_wconf 88' lang='lat' dir='ltr'>emerat</span> <span class='ocrx_word' id='word_1_139' title='bbox 1411 1964 1573 2005; x_wconf 78' lang='lat' dir='ltr'>fundum,</span> <span class='ocrx_word' id='word_1_140' title='bbox 1595 1964 1657 2008; x_wconf 90' lang='lat' dir='ltr'>qui</span> <span class='ocrx_word' id='word_1_141' title='bbox 1681 1964 1791 1998; x_wconf 87' lang='lat' dir='ltr'>Marii</span> 
     </span>
     <span class='ocr_line' id='line_1_21' title="bbox 468 2009 1789 2054; baseline -0.001 -10"><span class='ocrx_word' id='word_1_142' title='bbox 468 2010 650 2053; x_wconf 77' lang='lat' dir='ltr'>Arpinatis</span> <span class='ocrx_word' id='word_1_143' title='bbox 688 2010 810 2044; x_wconf 85' lang='lat' dir='ltr'>suerat.</span> <span class='ocrx_word' id='word_1_144' title='bbox 877 2011 972 2051; x_wconf 86' lang='lat' dir='ltr'>Quid</span> <span class='ocrx_word' id='word_1_145' title='bbox 1004 2011 1090 2044; x_wconf 89' lang='lat' dir='ltr'>mihi</span> <span class='ocrx_word' id='word_1_146' title='bbox 1121 2010 1297 2053; x_wconf 82' lang='lat' dir='ltr'>Arpinati,</span> <span class='ocrx_word' id='word_1_147' title='bbox 1329 2009 1443 2054; x_wconf 87' lang='lat' dir='ltr'>inquit</span> <span class='ocrx_word' id='word_1_148' title='bbox 1474 2009 1612 2051; x_wconf 85' lang='lat' dir='ltr'>Cicero,</span> <span class='ocrx_word' id='word_1_149' title='bbox 1644 2010 1789 2044; x_wconf 87' lang='lat' dir='ltr'>balneas</span> 
     </span>
     <span class='ocr_line' id='line_1_22' title="bbox 468 2056 1790 2100; baseline 0.001 -11"><span class='ocrx_word' id='word_1_150' title='bbox 468 2057 615 2090; x_wconf 74' lang='lat' dir='ltr'>obiicis?</span> <span class='ocrx_word' id='word_1_151' title='bbox 646 2057 760 2089; x_wconf 84' lang='lat' dir='ltr'>obiice</span> <span class='ocrx_word' id='word_1_152' title='bbox 777 2058 896 2100; x_wconf 81' lang='lat' dir='ltr'>potius</span> <span class='ocrx_word' id='word_1_153' title='bbox 913 2062 1062 2100; x_wconf 81' lang='lat' dir='ltr'>patrono</span> <span class='ocrx_word' id='word_1_154' title='bbox 1078 2061 1141 2090; x_wconf 85' lang='lat' dir='ltr'>tuo</span> <span class='ocrx_word' id='word_1_155' title='bbox 1158 2057 1315 2098; x_wconf 74' lang='lat' dir='ltr'>Curioni,</span> <span class='ocrx_word' id='word_1_156' title='bbox 1346 2057 1406 2099; x_wconf 90' lang='lat' dir='ltr'>qui</span> <span class='ocrx_word' id='word_1_157' title='bbox 1432 2056 1614 2100; x_wconf 84' lang='lat' dir='ltr'>Arpinatis</span> <span class='ocrx_word' id='word_1_158' title='bbox 1637 2056 1790 2090; x_wconf 85' lang='lat' dir='ltr'>hominis</span> 
     </span>
     <span class='ocr_line' id='line_1_23' title="bbox 466 2102 1785 2147; baseline 0.002 -12"><span class='ocrx_word' id='word_1_159' title='bbox 466 2102 618 2136; x_wconf 83' lang='lat' dir='ltr'>fundum</span> <span class='ocrx_word' id='word_1_160' title='bbox 636 2106 671 2135; x_wconf 92' lang='lat' dir='ltr'>et</span> <span class='ocrx_word' id='word_1_161' title='bbox 689 2114 799 2146; x_wconf 87' lang='lat' dir='ltr'>aquas</span> <span class='ocrx_word' id='word_1_162' title='bbox 815 2104 1029 2147; x_wconf 69' lang='lat' dir='ltr'>concupivit.</span> <span class='ocrx_word' id='word_1_163' title='bbox 1078 2103 1171 2136; x_wconf 87' lang='lat' dir='ltr'>Haec</span> <span class='ocrx_word' id='word_1_164' title='bbox 1197 2102 1390 2146; x_wconf 79' lang='lat' dir='ltr'>explicatio</span> <span class='ocrx_word' id='word_1_165' title='bbox 1408 2102 1540 2136; x_wconf 86' lang='lat' dir='ltr'>felicior</span> <span class='ocrx_word' id='word_1_166' title='bbox 1556 2103 1673 2136; x_wconf 89' lang='lat' dir='ltr'>adhuc</span> <span class='ocrx_word' id='word_1_167' title='bbox 1688 2103 1785 2137; x_wconf 79' lang='lat' dir='ltr'>vide-</span> 
     </span>
     <span class='ocr_line' id='line_1_24' title="bbox 466 2149 1788 2193; baseline 0.002 -11"><span class='ocrx_word' id='word_1_168' title='bbox 466 2149 572 2190; x_wconf 84' lang='lat' dir='ltr'>bltur,</span> <span class='ocrx_word' id='word_1_169' title='bbox 587 2149 615 2181; x_wconf 82' lang='lat' dir='ltr'>si</span> <span class='ocrx_word' id='word_1_170' title='bbox 630 2149 811 2183; x_wconf 87' lang='lat' dir='ltr'>Ciceronis</span> <span class='ocrx_word' id='word_1_171' title='bbox 824 2151 942 2183; x_wconf 85' lang='lat' dir='ltr'>locum</span> <span class='ocrx_word' id='word_1_172' title='bbox 959 2151 1009 2183; x_wconf 88' lang='lat' dir='ltr'>sic</span> <span class='ocrx_word' id='word_1_173' title='bbox 1026 2151 1141 2193; x_wconf 83' lang='lat' dir='ltr'>legere</span> <span class='ocrx_word' id='word_1_174' title='bbox 1159 2149 1284 2184; x_wconf 86' lang='lat' dir='ltr'>liceat:</span> <span class='ocrx_word' id='word_1_175' title='bbox 1310 2152 1331 2166; x_wconf 83' lang='lat'>‘⁴</span> <span class='ocrx_word' id='word_1_176' title='bbox 1346 2149 1461 2182; x_wconf 85' lang='lat' dir='ltr'>Narra</span> <span class='ocrx_word' id='word_1_177' title='bbox 1475 2149 1624 2192; x_wconf 82' lang='lat' dir='ltr'>inquam</span> <span class='ocrx_word' id='word_1_178' title='bbox 1638 2150 1788 2193; x_wconf 79' lang='lat' dir='ltr'>patrono</span> 
     </span>
     <span class='ocr_line' id='line_1_25' title="bbox 467 2195 1788 2240; baseline 0.002 -13"><span class='ocrx_word' id='word_1_179' title='bbox 467 2199 488 2213; x_wconf 79' lang='lat'>‘⁶</span> <span class='ocrx_word' id='word_1_180' title='bbox 514 2198 588 2235; x_wconf 79' lang='lat' dir='ltr'>tuo,</span> <span class='ocrx_word' id='word_1_181' title='bbox 606 2195 666 2239; x_wconf 90' lang='lat' dir='ltr'>qui</span> <span class='ocrx_word' id='word_1_182' title='bbox 681 2196 864 2240; x_wconf 85' lang='lat' dir='ltr'>Arpinatis</span> <span class='ocrx_word' id='word_1_183' title='bbox 880 2207 990 2240; x_wconf 85' lang='lat' dir='ltr'>aquas</span> <span class='ocrx_word' id='word_1_184' title='bbox 1006 2195 1242 2239; x_wconf 88' lang='lat' dir='ltr'>concupivit.”</span> <span class='ocrx_word' id='word_1_185' title='bbox 1291 2195 1342 2228; x_wconf 85' lang='lat' dir='ltr'>Et</span> <span class='ocrx_word' id='word_1_186' title='bbox 1356 2195 1500 2240; x_wconf 89' lang='lat' dir='ltr'>quidem</span> <span class='ocrx_word' id='word_1_187' title='bbox 1519 2196 1607 2229; x_wconf 90' lang='lat' dir='ltr'>Cod.</span> <span class='ocrx_word' id='word_1_188' title='bbox 1632 2195 1788 2229; x_wconf 80' lang='lat' dir='ltr'>Ambro-</span> 
     </span>
     <span class='ocr_line' id='line_1_26' title="bbox 467 2241 1787 2287; baseline 0.002 -13"><span class='ocrx_word' id='word_1_189' title='bbox 467 2242 587 2275; x_wconf 81' lang='lat' dir='ltr'>sianus</span> <span class='ocrx_word' id='word_1_190' title='bbox 603 2243 649 2275; x_wconf 89' lang='lat' dir='ltr'>A.</span> <span class='ocrx_word' id='word_1_191' title='bbox 666 2245 723 2276; x_wconf 85' lang='lat'>47.</span> <span class='ocrx_word' id='word_1_192' title='bbox 748 2243 794 2286; x_wconf 90' lang='lat' dir='ltr'>pl.</span> <span class='ocrx_word' id='word_1_193' title='bbox 817 2243 876 2277; x_wconf 90' lang='lat' dir='ltr'>inf.</span> <span class='ocrx_word' id='word_1_194' title='bbox 901 2243 1009 2276; x_wconf 87' lang='lat' dir='ltr'>habet</span> <span class='ocrx_word' id='word_1_195' title='bbox 1034 2242 1201 2287; x_wconf 80' lang='lat' dir='ltr'>Arpinati</span> <span class='ocrx_word' id='word_1_196' title='bbox 1224 2250 1338 2287; x_wconf 67' lang='lat' dir='ltr'>aqum,</span> <span class='ocrx_word' id='word_1_197' title='bbox 1363 2253 1409 2275; x_wconf 88' lang='lat' dir='ltr'>ex</span> <span class='ocrx_word' id='word_1_198' title='bbox 1434 2252 1504 2285; x_wconf 91' lang='lat' dir='ltr'>quo</span> <span class='ocrx_word' id='word_1_199' title='bbox 1527 2242 1631 2275; x_wconf 86' lang='lat' dir='ltr'>facile</span> <span class='ocrx_word' id='word_1_200' title='bbox 1657 2241 1787 2276; x_wconf 81' lang='lat' dir='ltr'>efficias</span> 
     </span>
     <span class='ocr_line' id='line_1_27' title="bbox 468 2287 1787 2334; baseline 0 -12"><span class='ocrx_word' id='word_1_201' title='bbox 468 2288 660 2334; x_wconf 72' lang='lat' dir='ltr'>Arpinatis.</span> <span class='ocrx_word' id='word_1_202' title='bbox 726 2289 990 2323; x_wconf 86' lang='lat' dir='ltr'>Commentario</span> <span class='ocrx_word' id='word_1_203' title='bbox 1022 2294 1142 2322; x_wconf 89' lang='lat' dir='ltr'>nostro</span> <span class='ocrx_word' id='word_1_204' title='bbox 1167 2299 1279 2332; x_wconf 91' lang='lat' dir='ltr'>quum</span> <span class='ocrx_word' id='word_1_205' title='bbox 1303 2292 1463 2321; x_wconf 88' lang='lat' dir='ltr'>carerent</span> <span class='ocrx_word' id='word_1_206' title='bbox 1487 2287 1704 2332; x_wconf 86' lang='lat' dir='ltr'>Interpretes</span> <span class='ocrx_word' id='word_1_207' title='bbox 1729 2289 1787 2322; x_wconf 86' lang='lat' dir='ltr'>alii</span> 
     </span>
     <span class='ocr_line' id='line_1_28' title="bbox 462 2333 1789 2381; baseline 0.002 -14"><span class='ocrx_word' id='word_1_208' title='bbox 462 2341 645 2381; x_wconf 64' lang='lat' dir='ltr'>patr-omma</span> <span class='ocrx_word' id='word_1_209' title='bbox 670 2334 786 2368; x_wconf 88' lang='lat' dir='ltr'>Clodii</span> <span class='ocrx_word' id='word_1_210' title='bbox 809 2336 1064 2369; x_wconf 58' lang='lat' dir='ltr'>intellexerunt</span> <span class='ocrx_word' id='word_1_211' title='bbox 1079 2335 1243 2368; x_wconf 86' lang='lat' dir='ltr'>Clodiam</span> <span class='ocrx_word' id='word_1_212' title='bbox 1260 2345 1426 2375; x_wconf 89' lang='lat' dir='ltr'>sororem,</span> <span class='ocrx_word' id='word_1_213' title='bbox 1451 2336 1492 2366; x_wconf 87' lang='lat' dir='ltr'>ut</span> <span class='ocrx_word' id='word_1_214' title='bbox 1516 2333 1703 2376; x_wconf 82' lang='lat' dir='ltr'>Corradus,</span> <span class='ocrx_word' id='word_1_215' title='bbox 1725 2335 1789 2369; x_wconf 91' lang='lat' dir='ltr'>Iu-</span> 
     </span>
     <span class='ocr_line' id='line_1_29' title="bbox 467 2380 1789 2426; baseline 0.001 -12"><span class='ocrx_word' id='word_1_216' title='bbox 467 2381 559 2422; x_wconf 80' lang='lat' dir='ltr'>nius,</span> <span class='ocrx_word' id='word_1_217' title='bbox 577 2382 785 2415; x_wconf 79' lang='lat' dir='ltr'>Gronovius.</span> <span class='ocrx_word' id='word_1_218' title='bbox 835 2382 908 2416; x_wconf 80' lang='lat' dir='ltr'>Alii</span> <span class='ocrx_word' id='word_1_219' title='bbox 923 2382 1085 2426; x_wconf 79' lang='lat' dir='ltr'>ignotum</span> <span class='ocrx_word' id='word_1_220' title='bbox 1103 2381 1306 2425; x_wconf 80' lang='lat' dir='ltr'>quemdam,</span> <span class='ocrx_word' id='word_1_221' title='bbox 1331 2384 1372 2414; x_wconf 90' lang='lat' dir='ltr'>ut</span> <span class='ocrx_word' id='word_1_222' title='bbox 1388 2380 1602 2424; x_wconf 84' lang='lat' dir='ltr'>Malaspina.</span> <span class='ocrx_word' id='word_1_223' title='bbox 1652 2381 1789 2415; x_wconf 84' lang='lat' dir='ltr'>Casau-</span> 
     </span>
     <span class='ocr_line' id='line_1_30' title="bbox 467 2426 1787 2474; baseline 0.002 -14"><span class='ocrx_word' id='word_1_224' title='bbox 467 2428 583 2461; x_wconf 87' lang='lat' dir='ltr'>bonus</span> <span class='ocrx_word' id='word_1_225' title='bbox 600 2428 709 2460; x_wconf 82' lang='lat' dir='ltr'>etiam</span> <span class='ocrx_word' id='word_1_226' title='bbox 725 2428 901 2472; x_wconf 86' lang='lat' dir='ltr'>turpicula</span> <span class='ocrx_word' id='word_1_227' title='bbox 916 2429 1081 2472; x_wconf 80' lang='lat' dir='ltr'>quaedam</span> <span class='ocrx_word' id='word_1_228' title='bbox 1104 2428 1142 2461; x_wconf 87' lang='lat' dir='ltr'>in</span> <span class='ocrx_word' id='word_1_229' title='bbox 1166 2428 1261 2461; x_wconf 86' lang='lat' dir='ltr'>hunc</span> <span class='ocrx_word' id='word_1_230' title='bbox 1285 2427 1405 2460; x_wconf 86' lang='lat' dir='ltr'>locum</span> <span class='ocrx_word' id='word_1_231' title='bbox 1427 2426 1576 2469; x_wconf 80' lang='lat' dir='ltr'>invexit,</span> <span class='ocrx_word' id='word_1_232' title='bbox 1600 2426 1787 2474; x_wconf 64' lang='lat' dir='ltr'>Arpinates</span> 
     </span>
     <span class='ocr_line' id='line_1_31' title="bbox 468 2479 1006 2528; baseline -0.006 -12"><span class='ocrx_word' id='word_1_233' title='bbox 468 2494 572 2528; x_wconf 61' lang='lat' dir='ltr'>aquas</span> <span class='ocrx_word' id='word_1_234' title='bbox 588 2482 772 2525; x_wconf 82' lang='lat' dir='ltr'>explicans</span> <span class='ocrx_word' id='word_1_235' title='bbox 791 2479 1006 2513; x_wconf 79' lang='grc' dir='ltr'><strong>συνουσίαν.</strong></span> 
     </span>
    </p>

    <p class='ocr_par' dir='ltr' id='par_1_8' title="bbox 470 2526 1785 2711">
     <span class='ocr_line' id='line_1_32' title="bbox 515 2526 1785 2572; baseline 0 -10"><span class='ocrx_word' id='word_1_236' title='bbox 515 2527 529 2548; x_wconf 68' lang='lat'>2’</span> <span class='ocrx_word' id='word_1_237' title='bbox 552 2529 704 2562; x_wconf 76' lang='lat' dir='ltr'>Tunicae</span> <span class='ocrx_word' id='word_1_238' title='bbox 722 2529 909 2562; x_wconf 75' lang='lat' dir='ltr'>manicatae</span> <span class='ocrx_word' id='word_1_239' title='bbox 927 2528 1186 2572; x_wconf 79' lang='lat' dir='ltr'>exprobrantur</span> <span class='ocrx_word' id='word_1_240' title='bbox 1208 2526 1290 2560; x_wconf 73' lang='lat' dir='ltr'>viris</span> <span class='ocrx_word' id='word_1_241' title='bbox 1310 2527 1418 2560; x_wconf 72' lang='lat' dir='ltr'>etiam</span> <span class='ocrx_word' id='word_1_242' title='bbox 1435 2526 1566 2560; x_wconf 85' lang='lat' dir='ltr'>AEneid</span> <span class='ocrx_word' id='word_1_243' title='bbox 1585 2536 1635 2561; x_wconf 84' lang='lat' dir='ltr'>lx.</span> <span class='ocrx_word' id='word_1_244' title='bbox 1653 2537 1688 2562; x_wconf 91' lang='lat' dir='ltr'>v.</span> <span class='ocrx_word' id='word_1_245' title='bbox 1705 2530 1785 2562; x_wconf 81' lang='lat'>615.</span> 
     </span>
     <span class='ocr_line' id='line_1_33' title="bbox 470 2572 1784 2618; baseline -0.001 -9"><span class='ocrx_word' id='word_1_246' title='bbox 470 2576 492 2592; x_wconf 90' lang='lat'>“</span> <span class='ocrx_word' id='word_1_247' title='bbox 518 2574 567 2609; x_wconf 86' lang='lat' dir='ltr'>Et</span> <span class='ocrx_word' id='word_1_248' title='bbox 582 2575 713 2608; x_wconf 87' lang='lat' dir='ltr'>tunicae</span> <span class='ocrx_word' id='word_1_249' title='bbox 728 2575 896 2618; x_wconf 77' lang='lat' dir='ltr'>manicas,</span> <span class='ocrx_word' id='word_1_250' title='bbox 909 2578 947 2609; x_wconf 86' lang='lat' dir='ltr'>et</span> <span class='ocrx_word' id='word_1_251' title='bbox 959 2575 1092 2608; x_wconf 78' lang='lat' dir='ltr'>habent</span> <span class='ocrx_word' id='word_1_252' title='bbox 1107 2574 1315 2608; x_wconf 86' lang='lat' dir='ltr'>redimicula</span> <span class='ocrx_word' id='word_1_253' title='bbox 1331 2572 1454 2607; x_wconf 86' lang='lat' dir='ltr'>mitrae.</span> <span class='ocrx_word' id='word_1_254' title='bbox 1501 2573 1596 2607; x_wconf 89' lang='lat' dir='ltr'>Tum</span> <span class='ocrx_word' id='word_1_255' title='bbox 1609 2573 1784 2609; x_wconf 82' lang='lat' dir='ltr'>Thebaid.</span> 
     </span>
     <span class='ocr_line' id='line_1_34' title="bbox 471 2624 683 2655; baseline 0 -1"><span class='ocrx_word' id='word_1_256' title='bbox 471 2631 532 2654; x_wconf 82' lang='lat' dir='ltr'>vn.</span> <span class='ocrx_word' id='word_1_257' title='bbox 550 2631 586 2654; x_wconf 92' lang='lat' dir='ltr'>v.</span> <span class='ocrx_word' id='word_1_258' title='bbox 604 2624 683 2655; x_wconf 85' lang='grc'><strong>657.</strong></span> 
     </span>
     <span class='ocr_line' id='line_1_35' title="bbox 481 2666 1527 2711; baseline -0.003 -10"><span class='ocrx_word' id='word_1_259' title='bbox 481 2675 487 2680; x_wconf 87' lang='grc'><em>·</em></span> <span class='ocrx_word' id='word_1_260' title='bbox 517 2668 540 2684; x_wconf 84' lang='lat'><strong>“</strong></span> <span class='ocrx_word' id='word_1_261' title='bbox 565 2667 787 2711; x_wconf 84' lang='lat' dir='ltr'>Brachiaque</span> <span class='ocrx_word' id='word_1_262' title='bbox 803 2668 840 2701; x_wconf 89' lang='lat' dir='ltr'>in</span> <span class='ocrx_word' id='word_1_263' title='bbox 855 2667 1014 2710; x_wconf 87' lang='lat' dir='ltr'>manicis,</span> <span class='ocrx_word' id='word_1_264' title='bbox 1033 2670 1067 2701; x_wconf 87' lang='lat' dir='ltr'>et</span> <span class='ocrx_word' id='word_1_265' title='bbox 1083 2667 1188 2711; x_wconf 84' lang='lat' dir='ltr'>pictae</span> <span class='ocrx_word' id='word_1_266' title='bbox 1205 2666 1349 2700; x_wconf 82' lang='lat' dir='ltr'>vincula</span> <span class='ocrx_word' id='word_1_267' title='bbox 1363 2666 1527 2709; x_wconf 85' lang='lat' dir='ltr'>plantae.”</span> 
     </span>
    </p>

    <p class='ocr_par' dir='ltr' id='par_1_9' title="bbox 472 2712 1785 2840">
     <span class='ocr_line' id='line_1_36' title="bbox 517 2712 1785 2757; baseline 0 -11"><span class='ocrx_word' id='word_1_268' title='bbox 517 2718 531 2733; x_wconf 59' lang='grc' dir='ltr'>Ε</span> <span class='ocrx_word' id='word_1_269' title='bbox 557 2714 681 2747; x_wconf 83' lang='lat' dir='ltr'>Codex</span> <span class='ocrx_word' id='word_1_270' title='bbox 710 2714 839 2748; x_wconf 88' lang='lat' dir='ltr'>habet:</span> <span class='ocrx_word' id='word_1_271' title='bbox 877 2716 898 2730; x_wconf 85' lang='lat'>‘⁴</span> <span class='ocrx_word' id='word_1_272' title='bbox 925 2713 1048 2748; x_wconf 84' lang='lat' dir='ltr'>Mixta</span> <span class='ocrx_word' id='word_1_273' title='bbox 1077 2713 1258 2757; x_wconf 90' lang='lat' dir='ltr'>responsio</span> <span class='ocrx_word' id='word_1_274' title='bbox 1287 2715 1324 2744; x_wconf 85' lang='lat' dir='ltr'>et</span> <span class='ocrx_word' id='word_1_275' title='bbox 1353 2712 1477 2745; x_wconf 78' lang='lat' dir='ltr'>facetis</span> <span class='ocrx_word' id='word_1_276' title='bbox 1509 2712 1719 2747; x_wconf 84' lang='lat' dir='ltr'>urbanitatis</span> <span class='ocrx_word' id='word_1_277' title='bbox 1747 2714 1785 2746; x_wconf 85' lang='lat' dir='ltr'>et</span> 
     </span>
     <span class='ocr_line' id='line_1_37' title="bbox 472 2758 1784 2802; baseline 0.002 -10"><span class='ocrx_word' id='word_1_278' title='bbox 472 2760 494 2776; x_wconf 92' lang='lat'>“</span> <span class='ocrx_word' id='word_1_279' title='bbox 518 2759 714 2802; x_wconf 80' lang='lat' dir='ltr'>asperitatis</span> <span class='ocrx_word' id='word_1_280' title='bbox 738 2760 842 2793; x_wconf 69' lang='lat' dir='ltr'>video</span> <span class='ocrx_word' id='word_1_281' title='bbox 867 2760 989 2794; x_wconf 86' lang='lat' dir='ltr'>lenitie</span> <span class='ocrx_word' id='word_1_282' title='bbox 1011 2770 1081 2795; x_wconf 90' lang='lat' dir='ltr'>non</span> <span class='ocrx_word' id='word_1_283' title='bbox 1098 2760 1204 2794; x_wconf 83' lang='lat' dir='ltr'>sine.”</span> <span class='ocrx_word' id='word_1_284' title='bbox 1253 2758 1303 2793; x_wconf 87' lang='lat' dir='ltr'>Et</span> <span class='ocrx_word' id='word_1_285' title='bbox 1318 2761 1404 2792; x_wconf 85' lang='lat' dir='ltr'>nota</span> <span class='ocrx_word' id='word_1_286' title='bbox 1421 2759 1635 2795; x_wconf 87' lang='lat' dir='ltr'>vocabulum</span> <span class='ocrx_word' id='word_1_287' title='bbox 1660 2758 1784 2802; x_wconf 59' lang='lat' dir='ltr'>lmine,</span> 
     </span>
     <span class='ocr_line' id='line_1_38' title="bbox 472 2805 941 2840; baseline 0.004 -2"><span class='ocrx_word' id='word_1_288' title='bbox 472 2805 540 2839; x_wconf 83' lang='lat' dir='ltr'>nisi</span> <span class='ocrx_word' id='word_1_289' title='bbox 556 2806 654 2840; x_wconf 85' lang='lat' dir='ltr'>locus</span> <span class='ocrx_word' id='word_1_290' title='bbox 669 2806 860 2840; x_wconf 85' lang='lat' dir='ltr'>mendosus</span> <span class='ocrx_word' id='word_1_291' title='bbox 877 2809 941 2840; x_wconf 85' lang='lat' dir='ltr'>est.</span> 
     </span>
    </p>
   </div>
  </div>
 </body>
</html>
