1971 3263
460 301 565 332 XXX
893 299 1098 330 PRAEVIA
1135 299 1298 333 OPERI
1348 269 1352 272 ·

457 417 487 436 “
509 410 726 458 omnium
751 410 936 456 honore
968 409 1321 456 consenescit.”
1389 407 1450 455 Id
1478 407 1518 455 si
1547 418 1660 455 vere
1690 405 1760 454 di—

454 516 662 565 ceretur,
701 508 954 555 Asconius
990 525 1080 555 nec
1106 507 1370 569 Virgilium
1407 506 1692 563 audivisset,
1730 522 1760 552 a

453 609 591 656 cuius
617 607 755 654 obitu
779 608 845 654 ad
879 607 1143 670 septimum
1168 605 1463 669 Vespasiani
1489 622 1670 652 annum
1693 604 1761 652 in-

451 707 715 754 tercedunt
761 706 873 753 anni
928 721 1222 765 Lxxxxniz,
1276 722 1368 752 nec
1415 720 1567 751 annos
1612 710 1759 751 natus

452 821 664 853 Lxxvn.
690 805 986 868 scripsisset,
1013 805 1251 867 quoniam
1271 805 1433 851 oculis
1459 804 1557 850 iam
1583 808 1761 866 captus

449 905 639 952 fuisset.
712 904 948 952 Chronici
989 904 1262 951 Eusebiani
1303 904 1601 951 auctoritate
1633 918 1764 950 com-

309 1914 435 1948 Obiter

227 1960 381 1995 Fabricii

451 1004 575 1052 moti
620 1005 749 1051 dsuos
795 1003 1045 1051 Asconios
1087 1004 1384 1050 effinxerunt
1425 1001 1650 1063 Scaliger
1695 1001 1761 1047 ad

454 1104 659 1151 Eusebii
692 1103 978 1151 Editionem
1012 1102 1227 1165 priorem
1259 1101 1525 1149 Animadv.
1562 1117 1609 1164 p.
1652 1106 1758 1156 183,

457 1209 563 1259 184,
590 1210 638 1250 61
655 1202 866 1249 Vossius
887 1203 950 1249 de
973 1201 1212 1249 Historic.
1230 1202 1315 1248 lat.
1340 1200 1452 1247 Lib.
1475 1216 1511 1246 1.
1539 1199 1663 1260 Cap.
1683 1205 1762 1247 27.

453 1303 555 1352 Sed
597 1304 743 1366 longe
779 1301 961 1350 rectius
999 1301 1182 1363 (inquit
1223 1298 1484 1346 Fabricius
1520 1297 1761 1345 Biblioth.

450 1404 534 1450 lat.
568 1403 666 1450 Ed.
709 1402 838 1450 Nov.
865 1402 912 1448 in
946 1399 1183 1461 Asconio)
1220 1397 1585 1460 Hieronymum
1614 1402 1765 1443 meta—

451 1502 717 1550 chronismi
750 1501 998 1564 arguisset
1021 1499 1137 1547 olim
1163 1497 1403 1560 Scaliger,
1436 1496 1574 1559 quod
1601 1496 1764 1542 facere

449 1620 549 1651 non
594 1601 840 1650 dubitavit
880 1601 952 1648 Io.
997 1597 1293 1647 Harduinus
1331 1596 1396 1642 ad
1436 1594 1657 1642 Plinium
1693 1593 1765 1657 (111

451 1703 626 1751 Indice
664 1702 953 1749 Auctorum
991 1699 1136 1746 Tom.
1182 1713 1216 1743 1.
1254 1713 1300 1759 p.
1338 1694 1422 1756 54)
1460 1701 1509 1741 et
1541 1693 1765 1755 Scaliger

449 1803 558 1866 ipse
582 1802 630 1848 in
656 1801 812 1848 altera
837 1798 1047 1847 Eusebii
1082 1796 1318 1844 Editione
1342 1797 1408 1859 (p.
1434 1794 1566 1856 200.)

521 1901 673 1956 Quod
698 1916 813 1948 vero
836 1899 907 1946 ait
930 1898 999 1945 ibi
1026 1896 1289 1944 Fabricius
1315 1912 1362 1958 p.
1386 1900 1463 1950 65,
1491 1899 1569 1941 66.
1595 1892 1646 1938 111
1669 1891 1767 1939 As-

226 2007 424 2040 dictumde
455 2003 591 2049 conio
615 2003 690 2065 (ut
723 2017 785 2047 ne
820 2016 910 2062 ego
946 1998 998 2045 id
1035 1997 1233 2061 quidem
1259 1995 1340 2042 hic
1373 1992 1767 2057 praetermittam)

229 2053 376 2087 Asconii

227 2102 335 2132 ‘'³³¹³‘ss
351 2111 413 2133 ex·
454 2101 607 2148 videri
645 2099 1009 2155 Quintilianum
1041 2097 1193 2143 fuisse
1223 2093 1501 2142 auditorem
1539 2090 1764 2148 Asconii,

227 2146 403 2190 penditur.

455 2201 577 2265 quia
602 2200 726 2248 Inst.
758 2205 796 2245 1.
823 2206 867 2246 7.
891 2197 977 2245 1116
1003 2195 1191 2250 scribit,
1218 2211 1270 2241 se
1293 2210 1360 2240 ex
1383 2191 1610 2240 Pediano
1636 2207 1767 2238 com-

449 2301 638 2366 perisse
685 2299 883 2347 Livium
933 2313 1080 2344 usum
1125 2311 1235 2342 esse
1280 2291 1535 2341 vocabulis
1580 2290 1678 2337 sibe
1721 2297 1768 2336 ec

452 2419 620 2465 quase,·
656 2401 705 2447 id
744 2416 830 2462 per
861 2414 914 2445 se
939 2398 1065 2444 forte
1097 2411 1200 2443 rem
1237 2410 1337 2440 non
1369 2391 1566 2454 probat.
1637 2388 1767 2435 Eam

453 2503 581 2550 enin]
605 2500 828 2549 notitiam
852 2506 952 2545 tam
977 2513 1040 2544 ex
1064 2494 1236 2543 audito
1262 2508 1409 2554 quam
1437 2506 1501 2535 ex
1521 2488 1652 2534 lecto
1675 2486 1768 2534 Pe-

454 2602 601 2648 diano
636 2598 978 2653 Quintilianus
1012 2593 1173 2658 potuit
1207 2590 1509 2652 comperire:
1548 2587 1665 2634 licet
1695 2586 1768 2634 vis

452 2701 687 2749 vocabuli
717 2713 976 2761 compet-ere
1013 2692 1319 2742 Fabricianae
1358 2688 1572 2752 opinioni
1610 2686 1768 2749 magis

452 2801 627 2849 faveat.
700 2797 933 2846 Ceterum
965 2792 1306 2848 Quintilianus
1337 2788 1460 2838 Inst.
1495 2803 1546 2835 x.
1577 2802 1612 2835 1.
1646 2785 1769 2834 dicit
