1971 3263
634 310 1004 346 DISSERTA'rIo.
1351 293 1478 341 xxix

176 423 241 471 U.
269 420 326 470 C.
352 435 620 470 Dccxxxv.
659 421 913 470 Asconius
945 418 1191 469 scribebat
1220 422 1337 482 post
1369 433 1486 465 con-

170 522 388 572 sulatum
446 521 672 579 Caecinae,
728 537 908 585 nempe
964 536 1065 568 11011
1125 523 1240 567 ante
1296 532 1485 565 annum

174 638 421 671 Decxcvl.
488 620 815 669 Intercedunt
849 635 964 682 ergo
999 618 1114 666 anni
1159 618 1333 665 saltem
1374 630 1487 664 LXI.

174 721 446 786 Fingamus
486 720 767 768 Asconium
804 725 980 766 natum
1015 717 1167 765 fuisse
1203 733 1358 765 annos
1399 731 1487 763 xv.

173 837 287 869 011111
328 819 592 882 Virgilium
641 819 930 880 loquentem
977 817 1146 873 audiit,
1194 831 1322 862 anno
1363 816 1490 862 forte

175 926 291 968 ante
325 918 432 966 eius
467 916 685 964 obitum:
726 915 796 963 ita
833 915 1092 964 Asconius
1132 920 1279 963 natus
1316 913 1492 962 fuisset

171 1033 327 1066 annos
358 1022 573 1064 LXXVII.
607 1031 724 1063 cum
758 1014 809 1062 in
842 1013 1168 1062 Scaurianam
1194 1013 1491 1061 Orationem

172 1117 440 1166 scribebat.
512 1115 667 1171 Quod
699 1131 728 1162 a
751 1114 849 1162 fide
881 1113 1004 1161 nihil
1029 1112 1280 1160 abhorret.
1352 1111 1489 1158 Hinc

171 1222 340 1263 autem
364 1220 564 1264 constat
590 1213 748 1262 multo
778 1211 936 1275 magis
960 1210 1240 1259 Asconium
1263 1209 1489 1273 potuisse

173 1315 348 1363 audire
375 1315 585 1363 Gallum
618 1315 820 1362 fratrem
855 1311 1095 1369 Salonini,
1128 1311 1286 1359 filium
1320 1310 1488 1359 Asinii

175 1414 419 1464 Pollionis
451 1420 751 1470 narrantem,
787 1417 1016 1477 quartam
1049 1409 1295 1473 Eclogam
1324 1428 1355 1458 a
1384 1410 1492 1458 Vir-

174 1514 292 1577 gilio
316 1517 368 1561 in
390 1514 630 1562 honorem
655 1528 800 1561 suum
819 1512 1019 1567 factam,
1041 1515 1098 1558 ut
1116 1512 1263 1559 refert
1288 1509 1492 1558 Servius

171 1613 237 1678 (si
267 1613 412 1661 locus
437 1619 512 1660 est
544 1612 787 1674 sincerus)
812 1611 878 1658 ad
912 1609 1024 1657 Ecl.
1051 1625 1125 1658 Iv.
1152 1625 1202 1657 v.
1229 1624 1290 1656 11.
1313 1610 1362 1657 in
1393 1608 1491 1658 Ed.

175 1711 467 1760 Burmanni.
503 1709 634 1758 Tum
674 1710 827 1758 etiam
864 1710 1050 1757 versari
1084 1724 1201 1756 cum
1233 1707 1295 1755 T.
1332 1708 1492 1766 Livio,

175 1810 264 1874 qui
288 1809 493 1874 quidem
519 1810 582 1857 ab
605 1808 831 1857 Asconio
857 1809 919 1857 ad
949 1809 1090 1857 Orat.
1115 1825 1204 1872 pro
1237 1806 1293 1856 C.
1321 1807 1496 1856 Corne-

174 1911 267 1956 lioa
290 1909 478 1956 dicitur
503 1908 683 1957 Livius
700 1917 876 1957 noster.
950 1909 1004 1957 Si
1019 1915 1186 1956 tamen
1207 1908 1248 1956 is
1272 1908 1416 1956 locus
1433 1909 1496 1956 de

175 2008 508 2057 familiaritate
522 2009 693 2073 potius
710 2009 924 2057 Asconii
940 2025 1054 2056 cum
1076 2007 1234 2066 Livio,
1258 2025 1411 2073 quam
1432 2009 1495 2057 de

176 2108 431 2158 communi
454 2108 615 2172 patria
637 2108 847 2156 Patavio
868 2108 1222 2170 intelligendus
1240 2114 1329 2156 est.

244 2208 348 2256 Sed
366 2206 498 2255 enim
523 2206 592 2255 D.
619 2207 962 2272 Hieronymus
986 2208 1037 2255 in
1057 2207 1312 2256 Chronico
1338 2207 1493 2256 Euse-

176 2307 326 2355 biano
362 2307 428 2354 ad
462 2322 648 2354 annum
672 2307 939 2370 septimum
962 2308 1261 2372 Vespasiani
1286 2308 1488 2357 scribit:

176 2414 209 2434 ⁵‘
235 2407 299 2461 Q.
348 2406 603 2455 Asconius
652 2406 912 2455 Pedianus
965 2407 1183 2472 scriptor
1226 2408 1491 2457 historicus

179 2513 209 2532 “
234 2505 403 2554 clarus
437 2506 667 2564 habetur,
707 2505 792 2571 qui
819 2521 1021 2555 LXXIII.
1048 2505 1204 2553 aetatis
1232 2523 1335 2554 suae
1363 2523 1493 2555 anno

182 2610 210 2630 “
235 2609 417 2669 captus
436 2601 726 2662 luminibus,
750 2620 851 2653 ΧΠ.
872 2611 1050 2669 postea
1072 2604 1214 2652 annis
1232 2605 1281 2652 in
1299 2622 1494 2655 summo

334 2852 347 2868 ἒ
373 2848 517 2882 Asconii
536 2848 631 2882 Edit.
650 2848 769 2891 Lugd.
789 2848 915 2882 Batav.
933 2849 1017 2882 :xuni
1038 2859 1203 2885 sicnxxx'.
1219 2861 1253 2895 p.
1273 2853 1347 2884 138.

1552 1230 1602 1265 Et
1632 1230 1717 1265 Gal-

1506 1278 1592 1321 lum,
1610 1278 1715 1311 adeo-

1507 1336 1576 1368 que
1607 1324 1716 1358 etiam

1509 1370 1601 1405 Livii
1616 1370 1718 1404 fami-

1507 1417 1602 1452 liaris
1637 1427 1716 1450 esse

1508 1463 1636 1510 potuit.

1536 2222 1718 2257 Constitu-

1510 2273 1557 2304 tae
1584 2271 1718 2314 superi-

1508 2327 1551 2350 us
1585 2317 1698 2350 Asco-

1508 2363 1558 2397 nii
1574 2363 1672 2396 aetati

1510 2408 1721 2443 contradicit

1512 2455 1713 2489 Chronicon

1512 2501 1685 2536 Eusebia-

1511 2559 1607 2584 num.
