1918 3254
537 371 688 421 PRO
732 371 994 422 SYLLA.

485 536 495 542 .
1431 504 1590 542 Adver-

105 597 118 609 .
145 598 155 609 .
183 598 194 609 .
220 598 231 609 .
255 562 485 611 videatur
508 564 804 622 adsciscere,
839 565 912 612 ait
935 581 988 612 se
1010 581 1105 612 non
1133 563 1411 629 periculum
1431 553 1547 634 ¹¹12}ss

101 647 470 695 communicare
495 648 585 696 sed
609 648 828 705 laudem,
860 664 952 695 nec
990 655 1048 695 ut
1081 647 1251 712 plures
1287 648 1413 713 peri·
1440 645 1533 682 N.9.

102 727 350 786 clitentur,
375 731 465 778 sed
490 738 546 778 ut
570 731 714 778 multi
734 730 996 795 aequaliter
1018 730 1309 794 glorientur.

169 810 233 858 ΙΝ
270 812 610 860 AUTRONIUM
649 829 1030 862 TESTIMONIUM
1066 829 1294 872 DIXISTI,
1328 830 1412 863 IN·
1467 826 1514 862 N.
1532 830 1586 863 10.

99 908 244 951 QUlT,
273 893 495 944 SYLLAM
520 911 806 944 DEFENDIS.
878 896 948 944 Et
971 897 1198 945 relicum.

167 976 538 1023 Acutissimum
574 985 780 1041 torquet
814 995 974 1042 prope
1002 980 1069 1026 ad
1096 979 1195 1027 vim
1232 978 1416 1028 dialec-

98 1057 328 1115 ticorum,
354 1065 413 1106 ut
435 1059 709 1107 adversarii
735 1060 1015 1123 propositio
1041 1060 1278 1123 utrinque
1300 1078 1415 1111 con-

97 1140 241 1188 clusa
264 1146 506 1189 teneatur.
576 1141 784 1199 Dixisti,
821 1142 1000 1206 inquit,
1026 1143 1077 1190 in
1100 1142 1415 1193 Autronium

96 1222 454 1281 testimonium,
495 1230 545 1271 et
579 1225 959 1287 quodammodo
994 1242 1130 1273 nunc
1172 1226 1347 1274 deficis
1384 1243 1416 1275 a

101 1306 381 1354 constantia
424 1312 527 1364 tua,
572 1308 658 1371 qui
716 1307 793 1356 .P.
853 1308 1007 1371 Syllae
1064 1309 1413 1372 patrocinaris.

102 1387 239 1437 Huic
264 1391 335 1437 ita
358 1390 503 1437 factae
526 1389 882 1454 propositioni²
905 1391 1196 1454 opponitur,
1222 1398 1280 1439 ut
1314 1392 1416 1441 ani-

98 1472 379 1529 madvertis,
405 1477 556 1520 acuta
588 1472 861 1536 responsio.
932 1472 986 1520 Si
1009 1472 1172 1520 minus
1206 1473 1414 1536 integre,

96 1553 278 1617 inquit,
303 1552 640 1600 testimouium
675 1554 814 1613 dixi3
850 1570 941 1601 nec
966 1555 1241 1603 defensioni
1276 1573 1413 1615 meae,

98 1652 249 1700 quam
270 1652 404 1683 nunc
440 1635 709 1698 adgredior
742 1636 904 1683 inesse
928 1636 1079 1683 debet
1106 1637 1415 1687 auctoritas:

99 1719 142 1767 si
162 1736 276 1767 vero
299 1719 424 1766 fides
450 1718 674 1766 constitit
697 1717 816 1764 mihi
848 1717 1186 1766 testimonium
1212 1719 1414 1779 dicenti,

98 1819 191 1850 cur
209 1818 309 1850 non
332 1802 394 1849 ab
429 1802 605 1850 eadem
639 1802 740 1849 fide
762 1800 913 1848 etiam
938 1801 1243 1849 defensionis
1263 1803 1415 1851 huius

96 1883 308 1947 aequitas
332 1883 636 1931 descendat?
673 1883 741 1931 Et
762 1883 844 1932 hic
879 1883 978 1931 iam
1001 1900 1054 1931 se
1082 1884 1256 1932 animis
1281 1884 1418 1934 Iudi-

98 1983 214 2016 cum
247 1966 454 2014 latenter
477 1967 712 2023 insinuat,
752 1973 812 2014 ut
843 1983 1059 2031 praesens
1098 1967 1322 2017 defensio
1361 1969 1414 2017 in

97 2049 367 2099 testimonii
390 2049 549 2097 vicem
572 2050 734 2098 cedat.

163 2132 381 2180 VIDEOR
417 2149 558 2181 ENIM
597 2148 696 2180 IAM
723 2147 832 2179 NON
861 2147 1034 2180 SOLUM
1074 2147 1314 2182 STUDIUM
1339 2149 1410 2182 AD

98 2231 508 2264 DEFENDENDUM
545 2230 752 2272 CAUSAS,
777 2230 963 2262 VERUM
1001 2230 1173 2263 ETIAM
1197 2231 1412 2267 OPINIO-

96 2314 187 2347 le
212 2314 439 2348 ALIQUID
462 2314 528 2346 ET
551 2283 944 2346 A'UCTORITATIS
967 2313 1231 2347 ADFERRE.

166 2380 339 2431 Cavetf
378 2381 527 2431 valde
581 2397 644 2428 ne
699 2380 874 2428 odium
930 2382 1192 2444 quoddam
1246 2382 1406 2431 nimiae

95 2464 244 2513 huius
262 2463 678 2513 adseverationisg
699 2463 937 2512 incurrat.
1009 2463 1156 2512 Facit
1177 2464 1304 2514 enim
1325 2483 1408 2530 pe-

95 2546 309 2595 riculum
327 2545 648 2611 inpudentiae,
674 2545 758 2609 qui
783 2562 896 2593 cum
919 2551 1163 2611 patronus
1186 2547 1264 2606 sit,
1289 2547 1407 2596 velit

94 2629 233 2677 testis
251 2630 423 2691 yideri.

141 2793 155 2808 Β
179 2787 306 2822 Codex
322 2789 344 2806 “
360 2789 459 2823 Huic
472 2788 524 2823 ita
538 2788 634 2824 facta
648 2788 922 2834 propositionc.”

138 2833 151 2854 f
172 2835 334 2878 Spatium
351 2838 412 2870 aut
430 2836 572 2869 lituram
587 2835 732 2870 Codicis
750 2835 891 2880 opplevi
904 2836 1009 2871 verbo
1026 2842 1125 2870 cavet.

138 2886 153 2907 ἕ
179 2881 304 2916 Codex
327 2882 576 2917 adservationis.
858 2892 876 2916 F
899 2885 923 2915 2
