1971 3263
438 271 527 319 xlii
862 281 1069 315 PRAEVIA
1105 281 1263 314 OPERI

437 423 501 470 de
531 418 741 469 Asconii
781 417 915 464 edito
951 421 1093 463 textu
1136 415 1206 463 sic
1243 415 1493 479 loquitur:
1533 415 1740 464 “Asco—

437 521 610 568 “nius
660 517 929 572 Pedianus,
985 515 1070 578 qui
1118 514 1316 562 tametsi
1356 516 1449 562 sub
1499 515 1736 577 Augusto

436 626 465 646 “
504 618 701 666 Caesare
743 614 1215 678 fi01·uit,¹’bonaque
1255 614 1414 661 multa
1454 621 1605 677 atque
1645 613 1739 661 ele-

434 725 462 745 “
499 717 667 780 gantia
701 715 914 780 scripsit,
951 715 1099 763 sicuti
1124 732 1186 762 ex
1222 714 1406 770 libello,
1433 714 1533 761 sive
1567 713 1738 778 potius

433 824 461 843 “
497 818 789 880 fragmento,
833 816 972 879 quod
1012 823 1124 863 ante
1160 815 1249 862 hos
1292 831 1449 861 annos
1490 818 1740 877 repertum

434 923 463 944 “
499 922 587 973 est,
613 916 781 979 colligi
818 922 997 980 potest,
1024 915 1185 962 multa
1219 914 1330 962 fluit
1369 932 1426 962 ac
1452 919 1611 961 scatet
1632 913 1742 960 bar-

433 1021 464 1042 “
498 1015 667 1064 barie:
706 1032 858 1079 quam
893 1022 1057 1062 tamen
1100 1014 1381 1077 barbariem
1418 1030 1517 1061 non
1555 1013 1617 1060 ab
1651 1012 1741 1060 illo

433 1120 464 1141 “
498 1121 644 1171 certe,
672 1115 759 1178 qui
784 1116 916 1163 bono
942 1115 1088 1162 etiam
1113 1121 1234 1162 tunc
1258 1121 1481 1178 tempore
1518 1112 1746 1160 eruditus

431 1219 462 1240 “
497 1221 585 1270 est,
623 1215 883 1278 provenire
928 1222 1077 1278 puto3
1128 1216 1217 1262 sed
1255 1215 1426 1278 potius
1463 1214 1525 1261 ab
1567 1213 1738 1276 aliquo

431 1320 459 1340 “
495 1314 690 1362 insulso
717 1320 872 1377 atque
906 1313 1174 1376 ineleganti
1199 1312 1525 1375 grammitico,
1560 1311 1649 1375 qui
1672 1310 1743 1359 in-

433 1420 462 1440 “
497 1414 729 1476 terpretis
749 1412 857 1460 vice
873 1414 1087 1469 functus,
1108 1413 1274 1476 inepta
1292 1413 1453 1460 multa
1472 1412 1740 1470 conseruit,

433 1518 462 1538 “
500 1529 612 1576 quae
647 1518 826 1576 postea
849 1530 950 1560 una
985 1529 1098 1560 cum
1139 1512 1285 1560 bonis
1310 1512 1553 1560 Auctoris
1578 1512 1741 1560 verbis

435 1618 464 1637 “
501 1611 757 1675 descripta
797 1612 956 1659 sunt.’'
1025 1611 1135 1659 Nos
1162 1611 1282 1660 satis
1316 1612 1664 1659 contendimus
1692 1612 1741 1660 in

433 1710 528 1758 hac
553 1709 937 1766 Dissertatione,
977 1708 1305 1772 Interpretem
1336 1717 1559 1759 nostrum
1583 1711 1741 1761 videri

434 1808 730 1857 Asconium.
783 1809 936 1862 Quod
960 1824 1051 1855 nos
1070 1825 1183 1856 vere
1208 1809 1410 1865 dixisse,
1447 1810 1573 1858 illud
1594 1811 1742 1858 etiam

433 1905 620 1955 indicio
659 1906 736 1963 sit,
765 1907 905 1970 quod
947 1913 1220 1971 utrumque
1266 1909 1508 1973 scriptum
1550 1909 1745 1974 aliquot

434 2005 607 2053 alienis
632 2007 760 2053 forte
784 2005 1044 2053 vocabulis
1068 2005 1424 2071 interpolatum
1455 2016 1545 2056 est.
1617 2009 1743 2063 Quae

434 2105 648 2160 macula,
676 2105 822 2168 siqua
845 2121 1014 2153 revera
1033 2110 1122 2162 est,
1146 2111 1279 2152 certe
1299 2105 1503 2153 minima
1520 2106 1569 2154 in
1589 2097 1745 2155 Inter-

433 2209 574 2268 prete
596 2210 768 2252 nostro
800 2204 1018 2262 inhaeret,
1056 2204 1105 2252 in
1144 2221 1246 2269 quo
1271 2210 1369 2253 tam
1403 2207 1644 2253 mendose
1669 2223 1746 2254 ce-

432 2304 633 2367 teroqui
659 2303 775 2352 olim
797 2304 1053 2368 descripto
1070 2303 1197 2351 adeo
1213 2321 1402 2366 paucas
1413 2320 1559 2352 voces
1578 2303 1746 2352 huius-

433 2401 569 2450 modi
594 2408 768 2451 notare
789 2403 1059 2467 potuimus.
1132 2402 1201 2450 Et
1222 2418 1500 2451 COMPEcTo
1526 2403 1743 2466 quidem,

434 2509 487 2550 ut
513 2503 749 2560 diximus,
789 2505 924 2566 apud
950 2503 1109 2568 ipsum
1132 2504 1311 2567 legitur
1337 2503 1649 2551 Ciceronem.

476 2715 492 2737 ὓ
516 2717 659 2771 Melius·
669 2719 876 2755 Hadrianus
902 2723 1051 2758 dixisset
1066 2723 1131 2758 sub
1146 2723 1317 2761 Claudio:
1345 2722 1505 2768 quamvis
1529 2725 1566 2758 et
1589 2722 1750 2768 Augusti

431 2765 579 2800 aetatem
593 2766 678 2801 vldlt
690 2767 878 2804 Asconius.
