1971 3263
514 300 586 334 XX
964 291 1173 326 1²1³AEle
1198 293 1370 330 ,OPERI

578 413 625 455 2.
663 401 942 453 Methodus
980 399 1092 463 ipsa
1135 404 1185 446 et
1218 399 1425 447 materia
1465 398 1819 448 Commentarii

512 505 689 555 eadem
713 500 861 549 estin
886 498 1079 548 Codice
1109 497 1298 546 inedito
1329 506 1480 562 atque
1516 498 1566 545 in
1605 498 1820 546 Asconii

511 602 651 651 libris
675 598 948 663 impressis.
1019 597 1307 662 Utrobique
1343 598 1591 662 siquidem
1628 613 1820 661 praepo-

510 701 645 749 nitur
679 700 1054 763 Argumentum
1090 697 1378 746 historicum
1423 703 1474 744 et
1505 697 1622 744 satis
1659 698 1822 746 erudi-

510 806 618 850 tum
642 799 891 848 Tullianae
917 797 1186 846 Orationis.
1257 796 1546 860 Utrobique
1568 797 1691 845 mira
1711 814 1823 862 per-

513 901 780 966 spicuitate
802 907 854 946 et
874 898 1115 946 brevitate
1137 896 1235 945 loci
1258 896 1457 945 obscuri
1479 897 1821 958 enucleantur,

512 1017 690 1049 sensus
721 998 1032 1063 grammatici
1064 996 1368 1061 aperiuntur,
1407 996 1614 1045 historia
1637 1003 1824 1062 tempo-

509 1118 624 1149 rum
647 1100 882 1163 tangitur,
920 1095 1191 1144 multorum
1211 1095 1466 1143 hominum
1497 1097 1610 1144 vitae
1644 1103 1694 1144 et
1723 1114 1825 1146 mu-

510 1218 661 1249 nera:
698 1207 803 1247 tum
850 1199 998 1260 leges,
1040 1212 1217 1251 moreS‚
1267 1195 1657 1243 consuetudines
1703 1210 1825 1259 praess

513 1300 684 1349 sertim
710 1299 912 1346 urbanae
948 1303 997 1343 et
1028 1294 1331 1343 iudiciorum
1362 1300 1604 1358 perpetuo
1642 1294 1825 1343 descri-

511 1400 713 1447 buntur.

577 1504 624 1546 3.
661 1497 789 1543 Tam
812 1512 873 1542 ex
892 1494 1037 1541 editis
1063 1509 1217 1556 quam
1235 1509 1299 1540 ex
1322 1491 1513 1540 Codice
1537 1491 1724 1542 inedito
1744 1510 1827 1559 ap-

511 1603 670 1663 paret,
692 1596 970 1644 Auctorem
997 1592 1352 1641 Commentarii
1377 1593 1701 1656 posteriorem
1720 1595 1827 1658 qui-

511 1696 626 1744 dem
667 1694 928 1758 aliquanto
972 1709 1080 1739 esse
1116 1692 1225 1755 ipso
1263 1691 1518 1747 Cicerone,
1559 1694 1646 1740 sed
1687 1693 1827 1743 brevi

510 1794 787 1844 intervallo.
860 1793 1008 1842 Adeo
1037 1792 1194 1839 multa
1228 1792 1275 1838 in
1319 1793 1540 1855 utrisque
1564 1799 1826 1842 narrantur

512 1911 601 1943 seu
624 1894 815 1941 minuta
841 1910 926 1940 seu
955 1891 1225 1948 recondita,
1266 1908 1377 1955 quae
1419 1893 1611 1940 nonnisi
1651 1893 1714 1941 ab
1746 1909 1827 1952 eo,

513 1993 598 2058 qui
622 1994 681 2042 iis
708 1995 856 2042 rebus
890 2000 1035 2041 aetate
1067 1999 1200 2041 esset
1232 1992 1507 2056 proximuS,
1547 1991 1717 2040 resciri
1740 2007 1828 2057 po-

511 2093 741 2141 tuissent.

576 2199 622 2242 4.
662 2192 781 2241 Mos
805 2200 882 2240 est
905 2193 1115 2242 Asconii
1151 2193 1268 2242 satis
1300 2194 1533 2257 frequens
1557 2207 1830 2255 provocan-

512 2291 564 2340 di
588 2292 651 2339 ad
674 2293 825 2356 paulo
848 2300 963 2340 ante
995 2310 1024 2340 a
1055 2310 1107 2341 se
1144 2293 1293 2342 dicta.
1364 2292 1507 2340 Idem
1543 2307 1675 2354 saepe
1709 2290 1829 2339 facit

510 2398 677 2440 noster
706 2392 972 2456 Interpres.

577 2497 621 2539 5.
660 2492 742 2539 Ad
773 2491 1066 2540 Orationem
1093 2494 1146 2539 in
1170 2491 1420 2539 Vatinium
1446 2489 1695 2539 Editionis
1718 2506 1829 2539 nos-

509 2595 599 2637 trae
623 2608 672 2655 p.
707 2597 814 2640 122.
846 2592 1039 2640 indicat
1073 2592 1274 2640 omnino
1311 2591 1562 2654 Interpres
1587 2607 1640 2638 se
1673 2589 1829 2654 scrip-

513 2688 637 2737 sisse
660 2690 711 2738 in
734 2691 1025 2740 Orationem
1049 2709 1162 2756 quae
1189 2692 1315 2739 hanc
1352 2691 1669 2755 praecederet,
1695 2705 1830 2738 nem-

512 2804 576 2852 pe
620 2788 671 2836 in
716 2789 1016 2851 Sexffimmm,
1063 2808 1192 2856 quae,
1242 2791 1306 2840 ob
1345 2791 1505 2856 ipsam
1549 2789 1820 2847 materiam,
