1918 3254
668 287 837 322 MILON
844 287 900 322 IS.
1378 285 1406 326 3
1413 285 1442 326 5

129 385 393 451 publicum
433 385 709 442 denotaret,
754 385 839 448 qui
876 384 1034 432 virum
1079 389 1181 432 tam
1217 397 1443 430 necessa·

123 469 256 517 rium
280 468 403 532 reip.
420 507 431 526 ,
456 468 554 533 ipsi
578 468 769 532 eripere
794 473 1006 515 conatus
1031 465 1111 514 sit.

191 551 311 600 NEC
324 567 462 600 VERO
480 567 591 599 TUM
605 565 900 599 TIMENDUM
915 564 1039 596 FUIT
1051 564 1159 596 CUM
1172 562 1440 597 cEssmiUS.

191 634 331 693 Bene
369 635 600 692 elocutus
638 640 715 689 est
747 634 810 681 de
848 632 999 680 exilio
1036 648 1144 689 suo,
1182 631 1321 694 quod
1344 646 1446 678 ma-

120 715 218 765 luit
240 717 601 765 discessionem
624 733 802 765 vocare
835 732 985 778 quam
1012 732 1227 779 poenam.
1298 713 1369 761 Et
1389 714 1443 760 iu

123 798 230 847 aliis
284 799 646 860 Orationibus³
696 799 921 848 similiter
967 797 1221 854 coloravit,
1280 812 1445 859 neque

121 887 258 929 metu
288 899 455 946 neque
492 881 599 929 ulla
636 881 946 930 conscientia
977 879 1243 928 criminum
1268 895 1321 926 se
1341 893 1447 926 ma-

119 964 274 1012 luisse
297 965 575 1022 discedere,
617 965 708 1011 sed
741 962 1041 1027 praecavisse
1070 962 1254 1026 potius,
1290 977 1354 1009 ne
1377 960 1444 1008 ad

121 1062 260 1094 arma
281 1062 370 1109 per
392 1045 696 1102 ,seditionem
718 1044 986 1101 veniretur.

189 1127 416 1176 EOSDEM
448 1143 519 1175 AD
556 1142 747 1175 CAEDEM
784 1139 980 1172 cn'wM
1008 1138 1076 1171 DE
1102 1122 1443 1171 APPENNINO

124 1209 458 1258 DEDUXIST1.¹'

191 1292 352 1347 Quasi
374 1293 482 1340 haec
509 1292 677 1340 omnia
697 1291 749 1338 in
783 1289 1054 1339 Catilinam
1090 1288 1289 1338 socium
1315 1287 1446 1336 dice-

123 1381 312 1432 rentur,
339 1375 408 1423 ita
430 1375 733 1435 mentionem
757 1373 927 1421 attulit
953 1372 1265 1438 Appennini,
1292 1387 1443 1435 quem

123 1475 286 1523 nuper
307 1458 416 1521 illec
439 1475 554 1507 cum
579 1457 806 1517 exercitu
828 1457 1126 1517 obtinuerat.

189 1541 494 1589 LAPIDIBUS
521 1539 652 1589 Duod
677 1553 1343 1596 coxscLssscAEcmERUNT.

189 1623 306 1672 .Gn.
346 1623 629 1671 Domitium
667 1621 935 1670 Calvinum
972 1628 1023 1668 et
1060 1621 1150 1669 M.
1187 1618 1445 1667 Valerium

126 1704 438 1754 Messallam.
510 1704 621 1753 Nec
660 1704 757 1752 alia
791 1703 889 1752 fuit
922 1720 1205 1758 causa-cur
1240 1708 1446 1750 senatus

124 1795 499 1843 convocaretur,
543 1799 696 1851 quam
742 1787 830 1835 illa
866 1787 1141 1851 praecipua,
1185 1785 1325 1849 quod
1365 1783 1443 1833 .P.

127 1870 337 1919 Clodius
392 1871 600 1921 inmissa
646 1871 1002 1920 seditiosorum
1043 1886 1194 1917 manu
1242 1867 1447 1916 comitia

123 1954 425 2011 turbaverat,
454 1971 567 2017 quae
597 1955 911 2002 habebantur
937 1954 999 2000 de
1025 1951 1318 2000 consulibus
1343 1966 1446 1998 cre-

126 2036 285 2094 andis,
311 2054 423 2089 cum
444 2045 574 2086 esset
596 2037 743 2085 etiam
769 2036 900 2084 Milo
925 2036 1246 2083 candidatus.

194 2121 300 2175 Qm
348 2136 547 2168 MULTIS
597 2134 1059 2168 INsPECTANTIBUs
1115 2123 1317 2164 KAPL‘T⁸
1362 2132 1446 2163 FE-

126 2217 333 2259 RIEBAS,
362 2218 577 2250 FEMINA·
596 2218 927 2252 PLANGEBAS.

173 2347 189 2364 ²
214 2343 307 2377 Vide
323 2345 518 2387 praesertim
530 2356 592 2391 pro
609 2344 725 2379 Sextio
737 2355 932 2380 vix-xxv.
952 2346 1011 2378 ubi
1028 2345 1072 2377 de
1087 2344 1194 2378 exilio
1209 2355 1285 2388 suo,
1299 2343 1337 2376 in
1350 2342 1447 2387 qnod

129 2392 254 2435 sponte
269 2391 467 2435 profectum
492 2402 529 2425 se
555 2391 652 2428 dicit.
680 2392 922 2435 copiosissime
940 2392 1013 2435 agit
1032 2392 1169 2424 Cicero.
1216 2391 1312 2424 Vide
1338 2389 1448 2423 etiam

122 2448 189 2482 pro
205 2436 318 2470 Domo
333 2449 392 2470 sna
406 2447 540 2471 xxxvx.
554 2449 618 2483 pro
633 2438 715 2471 Mil.
733 2448 810 2472 xiv.
829 2439 1000 2471 Paradox.
1017 2447 1069 2471 w.

177 2481 192 2503 δ
215 2483 408 2517 Confirmat
424 2485 460 2517 id
477 2485 520 2517 de
538 2485 664 2517 Clodio
681 2485 805 2518 Cicero
824 2497 888 2530 pro
906 2484 991 2518 Mil.
1007 2493 1059 2518 ix.
1109 2486 1129 2500 ‘⁶
1146 2484 1273 2517 Servos
1290 2487 1448 2526 agrestes

128 2529 150 2547 “
166 2532 202 2562 et
218 2529 383 2563 barbaros
396 2542 443 2564 ex
461 2531 651 2574 Apennino
668 2532 899 2564 deduxeratss'

176 2580 191 2595 ⁰
214 2576 354 2620 Nempe
371 2577 536 2616 Catilina,
551 2578 611 2621 qui
629 2577 745 2610 Roma
762 2578 908 2615 eiectus.
925 2578 1064 2610 montes
1081 2576 1262 2610 Hetruriae
1275 2585 1359 2610 cum
1376 2575 1448 2609 suis

132 2631 175 2654 co
201 2632 243 2654 us
259 2633 280 2654 o
315 2636 321 2643 ·
547 2626 554 2632 ’
641 2636 646 2640 ·
828 2624 835 2634 “
876 2624 882 2629 ’

176 2631 199 2687 {³
221 2633 395 2713 Dmcztiiiff
395 2624 496 2704 3122
512 2623 906 2704 ggiugstcssgilnnclaffl
919 2670 1083 2712 comitiis,
1108 2661 1245 2713 lapides
1265 2668 1449 2703 iaciendos

134 2722 287 2765 curasse,
303 2717 403 2749 testis
420 2722 473 2765 est
489 2717 615 2750 Cicero
629 2729 695 2762 pro
712 2717 797 2751 filil.
814 2727 878 2750 xv.

180 2764 193 2778 ‘³
219 2760 336 2806 Impnt
351 2773 413 2806 pro
427 2764 546 2809 Caput.
560 2763 606 2797 V.
632 2764 801 2808 Superius
818 2775 851 2807 p.
869 2766 923 2798 12.
941 2763 986 2796 N.
1006 2766 1038 2796 2.
1059 2765 1094 2796 ct
1111 2764 1282 2808 praeterca
1296 2760 1449 2795 Mania-

134 2815 220 2839 num
238 2807 420 2852 Capellam
441 2811 520 2844 Lib.
539 2819 591 2844 111.
607 2821 684 2855 cap.
701 2811 740 2843 de
756 2810 868 2843 nautis.

737 2867 758 2889 n
784 2859 806 2890 2
