1918 3254
595 280 662 316 ET
701 280 987 316 CURIONEM.
1386 281 1447 324 27

216 379 368 428 Paene
391 378 594 443 quidem
618 379 884 428 verisimile
912 396 1012 428 non
1043 385 1134 436 est,
1163 379 1301 444 quod
1329 396 1451 444 prae-

149 462 379 512 setulisse
400 462 476 510 .P.
500 462 734 511 Clodium
760 462 894 520 dicit,
921 462 1185 526 pecuniam
1210 479 1263 510 se
1286 478 1451 525 recep-

146 551 315 594 turum
337 562 438 609 qua
462 545 728 593 sententias
753 552 936 592 emerat
955 560 1141 600 eorum,
1167 543 1256 608 qui
1282 561 1336 592 se
1360 543 1451 591 cri-

148 628 281 676 mine
300 628 606 675 liberassent.
662 627 800 681 Quid
819 626 945 673 enini
967 634 1096 673 esset
1115 627 1212 674 hoc
1231 626 1450 682 stultius,

148 726 262 759 cum
283 710 607 775 semetipsum
627 710 720 757 hac
740 708 1093 773 praedicatione
1112 709 1359 756 damnand
1370 725 1453 756 um

147 792 303 840 fuisse
354 795 683 849 confiteretur,
730 791 823 839 nisi
874 790 1074 839 Iudices
1121 791 1454 854 corrupisset?

149 873 252 923 Sed
270 891 369 922 non
389 875 621 922 abhorret
641 891 669 922 a
689 875 786 922 fide
812 874 904 921 hoc
925 874 1111 921 dixisse
1135 873 1373 922 Clodium
1393 890 1452 922 eo

147 963 313 1006 tamen
350 958 626 1021 propositO,
671 974 772 1019 quo
807 956 1104 1018 significaret
1139 957 1454 1004 innocentem

145 1055 201 1087 se
231 1038 512 1103 principum
545 1039 590 1086 vi
621 1046 670 1086 et
707 1038 1017 1085 inimicorum
1055 1040 1277 1102 potentia
1319 1039 1455 1086 labo-

145 1137 310 1170 rasse:
355 1129 404 1170 et
435 1139 494 1170 ea
517 1130 722 1186 propter
744 1121 1011 1186 pecuniam
1038 1121 1241 1168 dedisse
1273 1120 1454 1168 ludici-

144 1204 257 1260 bus,
284 1209 341 1250 ut
363 1205 719 1267 quoquomodo
755 1204 953 1251 illorum
986 1203 1217 1250 manibus
1246 1205 1456 1267 eripere-

145 1292 240 1343 tur,
267 1287 352 1350 qui
376 1304 429 1334 se
453 1288 667 1352 opprimi
690 1287 886 1335 vellent.
956 1286 1019 1334 Id
1048 1303 1164 1350 ergo
1192 1286 1269 1334 bic
1306 1293 1455 1350 negat

146 1369 382 1426 Tullius?
438 1370 637 1418 Iudices
671 1370 785 1417 illos
824 1370 1087 1432 pecuniam
1127 1387 1275 1433 quam
1315 1388 1455 1419 acce-

143 1451 308 1516 perint
324 1452 627 1509 reddituros,
648 1469 709 1499 ne
728 1460 902 1515 postea
924 1452 974 1499 in
993 1469 1198 1500 numero
1220 1453 1454 1500 Indicum

143 1533 253 1595 lege
276 1533 488 1580 Aurelia
511 1550 622 1581 esse
650 1551 749 1581 non
786 1534 992 1597 possint.
1064 1534 1181 1581 Sive
1211 1536 1348 1597 quod
1383 1551 1450 1591 se,

145 1616 410 1680 pecuniam
435 1617 710 1672 reddendo,
732 1617 1006 1664 faterentur
1028 1633 1136 1664 esse
1155 1627 1452 1680 corruptos3

145 1698 248 1747 sive
271 1699 408 1762 quod
429 1699 626 1746 amissis
646 1700 855 1747 trecenis
880 1699 953 1746 vel
975 1699 1330 1762 quadringenis
1350 1699 1453 1746 mil-

144 1780 278 1828 libus
297 1797 410 1845 quae
434 1798 462 1828 a
482 1797 566 1828 reo
587 1789 896 1846 acceperant,
923 1781 972 1829 in
998 1789 1269 1845 egestatem
1294 1782 1452 1830 revol-

142 1869 370 1912 verentur
393 1881 452 1912 ac
487 1871 751 1928 propterea
780 1864 830 1913 iu
866 1864 1099 1913 Indicum
1140 1902 1448 1913 .......

531 2068 700 2119 Cetera
723 2073 1067 2121 desiderantur.

143 2305 167 2330 1.
185 2297 229 2331 ad
245 2296 355 2334 Attin.
380 2305 456 2330 xvi.
473 2306 533 2329 eos
556 2295 684 2340 inopiae
708 2306 815 2329 causa
831 2295 985 2331 deridet:
1022 2296 1044 2313 “
1061 2296 1143 2330 Non
1160 2297 1254 2332 enim
1280 2308 1450 2343 umquam

143 2344 164 2360 “
180 2343 315 2387 turpior
330 2344 367 2376 in
382 2343 466 2376 ludo
491 2343 613 2376 talario
630 2353 814 2376 consessus
829 2343 904 2383 fuit,
929 2343 1100 2377 maculosi
1115 2349 1303 2385 senatores,
1319 2345 1451 2379 tribuni

141 2389 164 2407 “
180 2399 251 2422 non
267 2392 338 2422 tam
356 2390 465 2429 aerati,
482 2399 600 2432 quam,
615 2393 656 2422 ut
680 2390 911 2433 appellantur,
935 2389 1078 2422 aerarii.''
1124 2390 1173 2423 Et
1188 2390 1331 2434 quidem
1345 2391 1450 2425 Pom-

140 2435 242 2480 peius
272 2436 428 2469 secundo
453 2436 647 2469 Consulatu
678 2435 792 2479 legem
817 2436 1062 2478 promulgavit,
1085 2439 1125 2469 ut
1154 2447 1200 2470 ex
1231 2437 1447 2480 amplissimo

141 2491 251 2515 oensu
266 2485 302 2515 et
317 2482 484 2515 centuriis
497 2482 581 2515 lecti
603 2481 750 2522 iudices
765 2492 867 2525 aeque
891 2486 1011 2515 tamen
1027 2493 1073 2516 ex
1087 2482 1213 2516 iisdem
1229 2483 1341 2516 tribus
1358 2483 1450 2518 ordi-

140 2527 246 2560 nibus
261 2529 461 2571 (senatorio,
477 2528 642 2572 equestri,
665 2528 821 2572 plebeio)
836 2527 1042 2562 iudicarent.
1088 2528 1136 2563 V.
1152 2529 1346 2564 Antonium
1373 2530 1448 2564 Au-

142 2573 322 2616 gustinum
336 2575 380 2608 de
396 2575 522 2619 Legib.
539 2575 576 2607 in
592 2573 735 2608 Aurelza
752 2574 952 2608 Iudiciaria.

189 2623 204 2664 ξ
228 2620 351 2655 Codex
368 2621 445 2668 ‘fild
462 2631 545 2666 ergo
560 2620 618 2656 hic
633 2624 740 2665 negat
752 2621 896 2656 Iudices
907 2621 985 2656 illos
995 2621 1134 2656 Tullius
1144 2622 1342 2667 pecuniam,
1359 2624 1448 2657 etc?
