1918 3254
499 448 649 535 PRO
708 446 1053 498 PLANCIO.

713 556 840 563 .-—.-—-

121 611 456 690 ATINATES‚
493 647 566 681 AN
603 630 993 680 TUSCULANOS?
1447 624 1641 715 Veiffitr‘gfi

188 717 271 767 Ne
310 718 439 765 hanc
476 716 674 764 laudern
712 716 846 763 nude
876 713 1115 779 impertiri
1140 713 1430 761 Atinatibus
1490 719 1535 753 N·
1551 721 1604 752 19·

121 800 392 858 arbitreris,
433 818 562 864 quos
593 801 664 848 ita
700 798 912 856 extollit,
958 805 1014 845 ut
1052 797 1250 844 illorum
1282 797 1432 844 male-

120 885 390 933 volentiam
418 884 677 949 deprimat.

189 968 401 1022 QUIBUS
441 983 471 1013 E
509 981 822 1014 MUNICIPHS
862 981 957 1013 ΠΧ
1003 981 1103 1012 IAM
1141 962 1267 1013 QUId
1314 979 1433 1011 CAR·
1539 972 1656 1007 N.23.

121 1064 238 1098 NEM
277 1064 498 1097 LATINIS
533 1063 751 1095 PETANT
796 1063 1234 1095 REPPERIUNTUR.

186 1130 398 1195 Oppida
421 1136 898 1178 commemoraverat
930 1129 1240 1177 Lavicanum
1265 1136 1314 1176 et
1339 1129 1436 1176 Ga-

119 1212 311 1261 binium
349 1219 402 1260 et
450 1213 671 1261 Bovillas
717 1230 875 1277 prope
919 1213 1018 1260 iam
1063 1229 1221 1260 vacua
1262 1218 1312 1259 et
1352 1228 1436 1275 po-

121 1294 231 1358 puli
264 1294 532 1357 exiguitate
573 1296 786 1352 deserta,
825 1313 938 1359 quae
975 1295 1299 1342 Laterensem
1335 1309 1437 1341 non

120 1382 385 1439 tantopere
436 1377 680 1438 suffragiis
731 1378 833 1424 suis
883 1377 1136 1441 potuerint
1180 1378 1435 1425 adiuvare.

122 1459 279 1514 Quod
318 1475 436 1507 vero
478 1459 778 1506 mentionem
816 1461 1045 1523 petendae
1089 1461 1252 1506 carnis
1302 1459 1434 1515 fecit,

119 1542 333 1605 pertinet
373 1543 437 1588 ad
478 1541 897 1588 consuetudinem
932 1542 1064 1589 sacri
1108 1541 1437 1589 anniversarii.

120 1622 255 1672 Nam
279 1623 444 1670 latinae
478 1622 609 1669 feriae
642 1639 672 1669 a
703 1639 806 1685 quo
842 1623 1026 1670 fuerint
1065 1623 1306 1670 institutae
1333 1623 1440 1670 dis-

103 1699 345 1753 sentiunt
361 1704 592 1769 plerique
617 1711 865 1753 auctores.
917 1705 1024 1752 Alii
1043 1706 1107 1752 ab
1132 1706 1208 1752 .L.
1231 1705 1441 1769 Tarqui-

118 1786 203 1834 nio
258 1786 440 1834 Prisco
498 1803 614 1849 rege
670 1803 988 1839 romanorum
1047 1787 1440 1845 existimabant:

120 1867 207 1915 alii
223 1883 338 1914 vero
357 1884 386 1914 a
403 1866 597 1915 Latinis
616 1868 811 1932 priscis.
849 1868 1024 1932 Atque
1043 1869 1169 1916 inter
1192 1870 1283 1917 hos
1302 1870 1438 1934 ipsos

121 1966 278 1999 causa
300 1949 536 1997 sacrificii
554 1966 656 1997 non
676 1952 923 1999 convenit.
994 1952 1129 2000 Nam
1155 1953 1360 2017 qnidam
1385 1954 1439 2001 id

119 2033 317 2081 initium
341 2049 406 2079 ex
429 2032 673 2097 imperato
709 2033 871 2080 Fauni
905 2037 1230 2083 contendunt.
1303 2036 1440 2085 Non-

122 2115 251 2165 nulli
289 2121 408 2179 post
438 2115 628 2163 obitum
654 2114 822 2163 Latini
851 2115 980 2179 regis
1004 2124 1050 2164 ec
1083 2117 1273 2174 AEneae,
1298 2121 1438 2182 quod

120 2197 156 2246 ii
179 2214 434 2260 nusquam
453 2196 876 2262 comparuerunt.f
920 2198 1102 2262 Itaque
1119 2199 1242 2263 ipsis
1263 2201 1437 2250 diebus

118 2280 236 2329 ideo
256 2280 489 2328 oscillare
504 2281 840 2338 instituerunt,
861 2287 919 2329 ut
935 2283 1169 2346 pendulis
1191 2283 1436 2331 machinis

120 2363 441 2426 agitarentur,
492 2364 730 2427 quoniam
765 2380 938 2412 eorum
981 2382 1172 2430 corpus
1208 2366 1258 2413 in
1288 2367 1436 2414 terris

120 2462 222 2494 non
273 2452 405 2494 esset
441 2453 709 2510 repertum,
752 2453 810 2494 ut
850 2447 1025 2495 animae
1059 2449 1195 2496 velut
1233 2449 1282 2496 in
1321 2453 1437 2497 aere

122 2536 481 2592 quaererentur.
583 2530 844 2578 Feriarum
884 2531 1148 2580 latinarum
1189 2531 1435 2579 sacrificio

168 2687 185 2709 ἆ
210 2689 378 2735 Supplevi
394 2702 457 2728 QUI
475 2704 522 2726 ex
538 2692 653 2727 editis.

168 2739 182 2756 θ
207 2736 297 2771 Cod.
311 2738 362 2771 ita
376 2739 695 2786 existimabantsted
706 2740 977 2787 videturpotius
990 2740 1218 2776 scribendum
1231 2740 1435 2776 existimant.

169 2780 181 2826 f
202 2781 280 2818 Cod
295 2793 575 2830 comparaverant.
