1918 3254
642 310 742 346 PRO
767 311 948 355 SYLLA.
1385 314 1447 358 83

150 403 301 468 Syllae
337 421 513 454 nomen
547 407 856 456 subtraxerit
881 407 1075 465 Cicero,
1112 414 1164 457 et
1200 408 1252 457 id
1293 411 1448 472 egerit

144 505 208 535 ne
229 488 280 536 in
300 489 499 536 tabulas
524 490 757 553 publicas
781 491 1059 538 referretur.
1132 491 1249 539 Non
1273 492 1448 541 debuit

142 587 258 633 ergo
282 571 533 620 humiliter
553 580 601 620 et
626 573 796 620 timide
818 573 947 620 hanc
972 573 1324 631 defensionem,
1355 576 1446 622 sed

141 667 257 699 cum
307 652 495 714 impetu
537 653 930 716 flagrantissima}
973 655 1329 717 indignationis
1361 658 1447 705 im-

138 733 276 797 plere
301 737 443 798 quasi
471 737 676 784 monstri
701 736 861 784 simile
884 737 962 793 sit,
1000 737 1048 784 in
1074 746 1212 787 tanto
1239 741 1445 789 consule

138 816 331 880 aliquid
370 819 597 882 potuisse
633 820 826 867 fraudis
873 818 1125 868 existere.‘¹
1193 821 1288 869 Hae
1329 831 1445 871 sunt

137 901 449 947 defensiones
476 917 588 963 quae
613 901 663 948 in
701 903 927 965 personis
963 902 1262 951 inlustribus
1291 921 1443 968 quen-

134 983 248 1029 dam
274 983 502 1044 spiritum
530 983 694 1030 laudis
718 984 989 1033 imitantur.

139 1100 143 1105 ·
198 1065 448 1113 INSTITUI
487 1080 792 1113 SENATORES
843 1083 933 1116 QUI
978 1084 1154 1116 omn-a
1203 1085 1438 1117 INDICUM

132 1163 308 1204 mc'rA,
349 1163 748 1204 INTERROGATA,
804 1165 1074 1198 RESPONSA
1127 1167 1441 1199 PERSCRIBE-

132 1247 289 1279 RENT.
359 1231 445 1279 AT
482 1246 609 1279 ocos
650 1233 833 1279 VIROS!
888 1248 996 1280 NON
1038 1248 1211 1281 SOLUM
1252 1250 1438 1283 SUMMA

132 1331 257 1363 FIDE
296 1330 391 1361 SED
430 1329 601 1360 ETIAM
637 1329 766 1362 QUOS
794 1330 1025 1362 SCIEBAM
1054 1332 1307 1364 MEMORIA
1336 1333 1439 1365 sel-

130 1414 295 1445 ENTIA
317 1412 652 1445 CELERITATE
683 1412 971 1445 semma-Nm
999 1413 1296 1446 FACILLIME
1324 1415 1434 1448 QUAE

127 1497 472 1530 DICERENTUR
498 1495 755 1528 PERSEQUI
785 1496 956 1528 Posse.

191 1564 280 1612 Ad
328 1563 618 1610 diluendam
662 1563 1004 1625 quaestione1n‚
1048 1581 1175 1626 quae,
1214 1572 1270 1611 ut
1306 1564 1435 1613 dixi-

123 1664 250 1704 mus,
288 1646 515 1694 incidens
556 1651 670 1692 nata
709 1652 796 1701 est,
835 1662 896 1692 an
944 1645 1128 1692 falsum
1165 1647 1342 1695 consul
1382 1647 1434 1694 in

123 1730 322 1779 tabulas
378 1728 613 1792 publicas
672 1727 932 1783 rettulerit,
986 1727 1267 1775 inferuntur
1324 1729 1432 1776 haec

123 1813 358 1876 exempla
408 1810 730 1867 validissima,
793 1811 932 1873 quod
986 1810 1052 1857 ad
1105 1811 1427 1859 scribendum

121 1913 280 1950 omne,
319 1895 480 1958 *quod
532 1894 723 1941 indices
776 1893 1170 1957 pronuntiarent,
1217 1893 1428 1942 idoneos

119 1978 394 2028 admoverit
445 1984 712 2026 senatores.
783 1976 852 2023 Et
889 1976 1151 2038 vigilanter
1187 1977 1290 2024 duo
1325 1976 1426 2025 illis

118 2063 388 2128 praecipua,
425 2067 475 2108 et
512 2077 625 2124 quae
658 2060 720 2106 ad
746 2066 1080 2106 strumentum
1117 2059 1234 2106 fidei
1258 2075 1428 2107 neces-

119 2146 249 2195 saria
299 2151 430 2199 sunt,
482 2141 739 2197 adscribit,
790 2140 940 2188 animi
988 2140 1324 2203 integritatem
1375 2148 1425 2189 et

113 2227 430 2276 velocitatem
467 2225 735 2280 scribendi,
774 2230 831 2271 ut
864 2224 989 2271 fides
1024 2240 1123 2271 non
1163 2224 1422 2288 deceperit

93 2326 97 2328 ’
115 2312 365 2360 veritatem
416 2344 1416 2357 .....................

303 2426 1416 2442 οοοοοοοοοοοοοοοοοοοοοοο

178 2477 224 2525 O
252 2491 498 2524 MISERUM
527 2488 824 2521 INFELICEM
853 2488 1021 2519 ILLUM
1051 2472 1217 2519 DIEM!

155 2692 170 2714 ἃ
195 2694 340 2728 Falsum
354 2692 700 2728 senatusconsultum
711 2701 731 2724 a
743 2689 913 2722 Cicerone
926 2686 1033 2720 fuisse
1049 2685 1201 2720 relatum
1217 2686 1412 2722 calumnia-

110 2744 168 2774 tus
183 2745 237 2774 est
252 2741 358 2774 etiam
376 2741 523 2774 Clodius
536 2739 582 2772 V.
601 2750 668 2783 pro
682 2737 795 2771 Domo
816 2745 875 2767 suu
890 2742 967 2767 xlx.
1015 2732 1110 2766 Item
1131 2732 1286 2784 eundem
1309 2734 1411 2767 Cice-

110 2797 230 2820 ronem
241 2788 431 2821 mentitum
445 2797 521 2820 esse
538 2786 574 2819 in
588 2781 954 2818 Seuamsconsultum.
979 2779 1026 2813 V.
1039 2779 1078 2813 de
1094 2790 1162 2813 aere
1177 2778 1287 2814 alieno
1304 2779 1410 2815 Milo-

107 2831 170 2869 nis.
194 2843 229 2877 p.
245 2836 299 2867 37.
313 2844 395 2867 cum
408 2844 443 2866 n.
458 2836 490 2867 6.
774 2880 800 2907 7

720 2891 751 2922 G
773 2890 802 2921 ζ,

1515 1085 1613 1120 Edit.

1496 1131 1541 1166 N.
1560 1135 1615 1166 42.
