1971 3263
617 542 765 593 PRO
818 544 1114 594 TULLIO.

212 768 425 782 .....
461 749 560 791 ore,
613 735 806 803 putavit
847 736 911 782 ad
952 736 1173 784 officium
1222 753 1370 785 suum
1413 754 1523 801 per·

208 814 365 874 tinere
399 816 685 864 adversario
710 817 850 863 nulla
873 817 922 864 in
958 834 1011 865 re
1034 835 1252 882 parcere,
1298 820 1417 885 quia
1440 837 1521 868 me

207 904 407 962 oportet
430 898 659 946 Tullium
682 916 776 963 pro
799 899 972 947 Tullio
997 902 1164 950 facere
1185 903 1386 951 homine
1408 920 1524 952 con·

205 980 375 1028 iuncto
401 997 598 1029 mecum
624 998 724 1029 non
747 983 913 1029 minus
940 983 1104 1032 animo
1127 1003 1281 1049 quam
1305 987 1522 1035 nomine.

205 1062 288 1112 Ac
312 1063 432 1110 mihi
455 1063 614 1127 magis
637 1064 767 1112 illud
805 1065 1145 1114 laborandum
1169 1067 1385 1124 videtur,
1424 1068 1524 1117 Re-

205 1146 558 1210 cuperatores‚i
579 1165 642 1195 ne
665 1149 804 1211 quod
832 1156 980 1197 antea
1005 1149 1124 1196 nihil
1148 1150 1197 1196 in
1221 1149 1393 1197 istumk
1415 1153 1523 1198 dix-

200 1228 302 1278 isse¹
323 1231 538 1293 probare
559 1247 783 1294 possum,
806 1232 856 1279 in
896 1249 956 1279 eo
983 1232 1351 1296 repraehendar,
1379 1233 1522 1295 quod

205 1312 303 1360 hoc
347 1319 574 1376 tempore
617 1315 916 1378 respondeo.
995 1314 1185 1362 Verum
1227 1321 1278 1361 et
1325 1322 1431 1362 tum
1466 1315 1521 1363 id

204 1395 301 1442 feci
326 1397 466 1459 quod
490 1395 730 1460 oportuit,
771 1402 821 1442 et
864 1413 1001 1444 nunc
1047 1396 1228 1444 faciam
1262 1397 1404 1459 quod
1443 1414 1524 1445 ne-

206 1495 350 1526 cesse
373 1484 466 1527 est.
538 1478 671 1525 Nam
699 1494 813 1525 cum
854 1486 989 1526 esset
1025 1480 1089 1526 de
1135 1496 1188 1526 re
1227 1479 1523 1542 pecuniaria

200 1560 552 1617 controversia,
566 1561 702 1624 quod
721 1561 958 1607 damnum
981 1561 1154 1608 datum
1168 1561 1427 1611 M.Tu]li0
1447 1564 1521 1611 di-

199 1660 443 1700 ceremus,
464 1643 683 1690 alienum
701 1660 730 1689 a
745 1659 857 1690 mea
870 1651 1051 1691 natura
1066 1644 1349 1702 videbatur,
1377 1646 1521 1709 quid-

200 1743 352 1790 quam
389 1727 454 1774 de
493 1725 863 1774 existimatione
903 1726 963 1773 P.
1003 1726 1130 1774 Fabi
1171 1727 1367 1783 dicere;
1417 1745 1519 1776 non

198 1811 321 1873 quia
360 1826 438 1857 res
476 1809 734 1874 postulare
769 1825 870 1857 non
895 1809 1162 1857 videretur.
1236 1810 1370 1864 Quid
1399 1828 1523 1874 ergo

200 1892 309 1940 est?
364 1892 592 1940 Tametsi
617 1891 846 1956 postulat
869 1908 1038 1949 causa,
1065 1900 1231 1941 tamen
1250 1893 1344 1941 nisi
1368 1894 1520 1958 plane

201 1975 346 2038 cogit,
370 1975 599 2038 ingratiis
622 1976 688 2023 ad
712 1974 1122 2023 maledicendum
1146 1993 1246 2023 non
1279 1976 1418 2024 soleo
1439 1977 1522 2024 de-

200 2059 455 2108 scendere.
527 2058 577 2106 N
584 2075 682 2106 unc
719 2076 836 2106 cum
878 2066 1087 2107 coactus
1123 2060 1305 2117 dicam,
1351 2060 1519 2124 siquid

247 2275 257 2296 ἦ
280 2275 450 2310 Iudicum
476 2275 786 2318 Recuperatorum
812 2273 966 2307 officium
998 2272 1156 2306 declarat
1182 2271 1321 2306 Gellius
1353 2272 1434 2306 Lib.
1453 2281 1517 2306 xx.

200 2334 278 2368 cap.
296 2333 318 2356 1.
344 2324 365 2339 “
383 2322 528 2355 Iniuriis
545 2321 764 2354 aestimandis
793 2321 1078 2363 Recuperatores
1094 2329 1131 2350 se
1149 2319 1294 2351 daturos
1318 2319 1520 2352 dixerunt.'’

200 2370 296 2404 Item
314 2370 444 2403 Festus
471 2379 548 2402 voc.
578 2367 800 2412 Reciperatz'o
825 2370 845 2383 “
864 2367 933 2399 Per
963 2366 1217 2409 reciperatores
1246 2365 1444 2397 reddantur
1463 2375 1519 2398 res

201 2419 222 2434 “
238 2417 536 2460 recipianturquc,
561 2425 688 2457 resque
719 2413 873 2456 privatas
899 2412 992 2444 inter
1019 2423 1057 2444 se
1074 2412 1362 2455 persequantur.''
1409 2411 1520 2455 Apud

201 2462 487 2506 Recuperatores
504 2464 585 2495 acta
602 2464 657 2493 est
673 2471 694 2492 a
707 2460 880 2492 Cicerone
898 2459 1004 2492 etiam
1023 2468 1131 2490 causa
1147 2468 1210 2500 pro
1226 2458 1271 2490 A.
1290 2457 1449 2499 Caecina,
1473 2458 1519 2490 de

200 2519 271 2553 qua
296 2513 333 2542 et
359 2509 403 2541 de
428 2509 495 2541 hac
518 2519 582 2552 pro
606 2507 727 2540 Tullio
752 2507 890 2540 Auctor
918 2505 1073 2547 Dialogo
1090 2504 1129 2537 cle
1147 2503 1349 2537 Oratoribus
1362 2514 1438 2548 cap.
1455 2514 1519 2538 XX.

203 2555 309 2590 dicit:
334 2557 355 2572 “
371 2555 428 2588 De
445 2554 658 2598 exceptione
686 2558 721 2586 ct
750 2553 899 2586 formula
926 2551 986 2584 ina
1012 2551 1187 2584 immensa
1212 2550 1406 2590 volumina,
1436 2561 1519 2594 quae

202 2603 223 2619 ‘⁶
240 2612 303 2645 pro
319 2602 362 2636 M
397 2602 517 2635 Tullio
544 2603 607 2634 aut
632 2601 676 2634 A.
705 2600 852 2632 Caeciua
880 2598 1062 2641 legimus.”
1110 2597 1171 2630 Ex
1189 2606 1258 2639 quo
1276 2597 1372 2629 dicto
1389 2607 1522 2640 coguo-

204 2648 335 2682 seimus
351 2648 460 2682 etiam
474 2648 566 2681 hanc
580 2647 789 2680 Orationem
802 2656 864 2689 pro
880 2644 1001 2678 Tullio
1017 2644 1125 2678 fuisse
1138 2643 1394 2685 longissimam.

250 2693 265 2714 ¹¹
289 2695 333 2728 Iu
347 2695 388 2729 P.
402 2694 569 2736 Fabium,
584 2697 625 2726 ut
641 2696 744 2738 patet
760 2692 916 2726 inferius.

250 2740 258 2761 ¹
281 2741 407 2775 Codex
422 2741 550 2775 habet:
575 2744 597 2758 “
616 2745 656 2773 ut
671 2739 768 2783 quod
786 2742 891 2771 autea
908 2737 995 2771 nihil
1010 2737 1047 2770 in
1063 2736 1172 2769 istum
1185 2735 1260 2768 dixi
1275 2735 1425 2779 probare
1440 2744 1523 2779 pos-

205 2788 225 2803 “
245 2797 322 2820 sum
351 2798 458 2831 quam
481 2787 519 2820 in
543 2798 586 2821 eo
616 2784 899 2830 rcpraehcndar‚'⁷
941 2786 1011 2817 etc.
1059 2783 1169 2817 Porro
1199 2782 1413 2828 reproelzendo
1437 2790 1522 2815 cum

206 2833 399 2878 dipthongo
416 2833 485 2868 vidi
502 2833 591 2869 etin
607 2833 684 2868 aliis
698 2832 852 2877 antiquis
869 2830 1065 2866 codicibus,
