1971 3263
682 301 1045 335 mssERTA'rio.
1377 279 1515 330 xxvii

211 417 501 468 mutaretur,
530 412 796 474 quominus
820 413 883 460 de
903 410 1176 459 Messalina
1197 408 1408 471 coniuge
1431 408 1518 455 im-

210 510 536 574 pudicissima
556 527 728 573 poenas
754 517 988 558 sumeret.
1059 509 1137 556 Ibi
1161 516 1328 556 autem
1353 507 1518 571 Lipsi-

208 625 270 654 us
291 609 363 655 sic
390 616 780 656 commentatur:
820 615 848 634 “
887 608 946 655 P.
982 607 1176 670 Largus
1204 607 1405 655 Caecina
1427 606 1518 652 fra-

211 713 239 732 “
276 713 364 764 ter,
402 708 594 771 opinor,
643 708 700 755 C.
751 707 964 755 Caecinae
1004 706 1169 769 Largi,
1218 706 1305 768 qui
1343 705 1519 753 consul

210 812 239 831 “
276 822 392 852 cum
421 806 637 854 Claudio
663 805 755 853 fuit
780 823 906 854 anno
928 805 1081 853 Urbis
1119 820 1341 853 Dccxcv.
1379 811 1430 851 et
1467 804 1517 851 in

210 912 239 930 ‘⁶
275 905 544 953 consulatu
583 905 888 953 interfectus.
961 905 1126 959 Quem
1160 903 1388 967 intelligit
1421 903 1520 950 As-

208 1010 236 1029 “
273 1004 448 1051 conius
473 1004 523 1051 in
547 1021 639 1067 pro
665 1004 740 1053 M.
769 1005 988 1052 Scauro:
1015 1004 1194 1052 Scauri
1212 1006 1399 1051 domum
1410 985 1521 1066 pos-

205 1109 234 1128 “
273 1104 396 1151 sidet
434 1121 558 1151 nunc
598 1104 806 1170 Longus
848 1102 1059 1159 Caecina,
1097 1104 1180 1165 qui
1222 1103 1387 1149 consul
1409 1101 1521 1163 ficit

207 1209 237 1228 “
272 1219 377 1250 cum
400 1202 625 1252 Claudio.
698 1204 873 1252 Scribe
900 1203 1118 1268 LarguS,
1157 1208 1205 1248 et
1239 1201 1378 1248 disce
1402 1200 1518 1248 hinc

206 1308 234 1328 “
272 1319 385 1365 quae
409 1303 619 1351 Asconii
643 1312 780 1351 certa
799 1304 959 1351 θρωπε-Ρ

270 1402 356 1458 At,
396 1419 521 1465 pace
551 1402 673 1449 tanti
702 1403 802 1459 viri,
833 1404 1088 1465 quomodo
1113 1403 1395 1466 scripsisset
1417 1402 1515 1449 As-

205 1504 393 1559 coniUS,
432 1504 609 1550 Scauri
632 1506 816 1550 domum
834 1505 1048 1566 possidet
1072 1519 1196 1549 nunc
1223 1500 1418 1549 C'oecina
1435 1505 1519 1565 qui

205 1602 370 1650 consul
374 1601 485 1663 fuit
504 1619 606 1648 cum
627 1600 865 1660 Claude'0;
902 1602 942 1648 si
964 1601 1165 1649 Caecina
1182 1602 1231 1648 in
1252 1601 1521 1649 consulatu

204 1702 497 1750 interfectus
536 1701 740 1748 fuisset?
793 1701 894 1755 Qui
924 1701 1216 1747 interfectus
1252 1700 1356 1756 fuit,
1382 1701 1521 1748 haud

203 1804 348 1866 plane
384 1818 516 1849 nunc
552 1800 794 1864 possidet.
864 1798 1032 1862 Negat
1070 1798 1223 1861 igitur
1260 1799 1519 1847 Asconius

205 1902 517 1949 interfectum
550 1901 596 1948 in
621 1899 890 1948 consulatu
927 1898 1189 1946 Caecinain.
1262 1898 1520 1947 Scrutanti

204 2006 370 2047 autem
394 2000 513 2047 mihi
546 2001 678 2047 unde
713 1999 917 2062 Lipsius
950 1999 1123 2045 falsam
1148 1998 1374 2046 notitiam
1400 2000 1519 2047 hau-

204 2099 321 2147 serit
357 2099 568 2146 Caecinae
609 2099 656 2145 in
695 2098 959 2146 consulatu
995 2098 1253 2155 interfecti,
1297 2099 1518 2148 occurrit

204 2198 422 2260 denique
445 2198 586 2245 locus
611 2198 728 2245 olim
754 2206 1018 2261 corruptus
1050 2199 1100 2245 in
1135 2198 1303 2246 Dione
1327 2214 1412 2246 Lx.
1442 2206 1516 2249 16.

204 2297 266 2344 ad
294 2313 478 2344 annum
504 2297 656 2344 Urbis
694 2313 913 2345 Dccxcv.
956 2298 1039 2345 ubi
1061 2298 1223 2344 Arriae
1256 2299 1448 2347 facinus
1473 2317 1519 2347 e-

203 2402 445 2453 narratur,
475 2414 587 2459 quae
612 2397 842 2445 maritum
883 2397 1131 2444 Caecinam
1157 2396 1354 2445 Paetnm
1392 2398 1516 2445 mori

201 2494 391 2542 iussum
422 2513 449 2542 a
474 2496 707 2553 Claudio,
742 2499 806 2544 ad
841 2514 1012 2544 necem
1048 2496 1140 2543 sibi
1176 2497 1367 2544 fortiter
1403 2514 1518 2545 con-

203 2594 516 2642 sciscendam
541 2596 880 2644 confirmavit:
919 2603 1118 2659 arrepto
1140 2595 1329 2660 quippe
1345 2596 1515 2658 gladio

203 2710 256 2740 se
288 2695 399 2758 ipsa
436 2696 647 2758 graviter
682 2694 937 2751 sauciavit,
975 2694 1184 2759 viroque
1219 2712 1332 2743 eum
1365 2696 1517 2760 porri-

203 2810 351 2855 gens:
406 2812 463 2843 θη
504 2797 661 2853 Paete,
703 2795 882 2860 inquit,
919 2813 1014 2843 nou
1049 2796 1191 2844 dolet.
1260 2796 1347 2844 Ad
1385 2813 1512 2853 eum,

1572 1418 1705 1452 Emen-

1579 1465 1693 1500 datur.
