1918 3254
681 265 911 301 MILONIS.
1386 266 1445 309 41

185 364 336 413 ·N1S1
362 378 499 413 vERo
525 375 871 414 LINIAMENTA
892 379 1125 413 noulms
1146 380 1211 413 ΕΤ
1236 371 1451 412 NOMEN³

143 464 356 496 FIGURIS
382 463 633 505 POSITUM‚
660 464 767 498 NON
794 463 1024 496 NATURIS
1050 463 1230 495 PUTAs.

207 530 415 580 Definiti
431 532 645 579 hominis
665 530 1020 595 proprietatem
1035 545 1136 577 non
1152 529 1450 578 liniamentis

140 630 423 678 corporum,
448 615 535 662 sed
559 615 831 666 animorum
855 613 1184 676 qualitatibus
1209 613 1452 661 aestiman-

139 697 273 745 dam.

205 780 330 828 TUM
356 796 611 830 HABUISTI
649 797 898 831 QUASDAM
929 795 1279 837 FORMIDINES,
1317 778 1453 829 QUAEb

136 878 294 913 QUASI
315 879 528 914 CORNUA
554 880 783 914 QUAEDAM
806 878 1156 911 EXCIDERUNT
1179 867 1453 910 IMPLETA.c

138 982 151 999 ,.
179 983 190 993 .
217 984 227 993 .
265 962 375 1008 quoe
400 945 476 994 .P.
501 946 679 994 Clodio
704 948 769 994 ad
805 947 919 993 ferae
943 945 1156 993 alicuius
1189 945 1371 992 belluae
1396 943 1455 992 si-

137 1027 471 1074 militudinem
506 1027 810 1076 adscribsit.‘¹
886 1027 1054 1075 Etiam
1091 1028 1188 1075 hoc
1228 1027 1277 1074 in
1314 1026 1454 1074 exitu

137 1110 309 1174 posuit
331 1126 521 1161 cornua
538 1111 626 1167 illi,
653 1128 766 1174 quae
790 1110 1026 1158 habuisse
1044 1110 1300 1173 quondam
1322 1110 1456 1156 vide-

137 1193 302 1249 batur,
320 1210 450 1241 nunc
471 1210 580 1241 esse
600 1195 823 1258 dilapsa:
849 1202 905 1241 ut
920 1193 1156 1241 nimirum
1177 1209 1354 1239 sensus
1371 1191 1456 1239 ille

139 1276 219 1330 sit,
245 1277 402 1340 magis
424 1277 520 1323 iam
552 1277 801 1325 contemni
826 1275 1064 1324 Clodium
1102 1291 1255 1338 quam
1281 1273 1454 1321 timeri.

206 1358 332 1407 Nox
372 1374 511 1407 ENIM
540 1375 836 1416 VIDERUNT,
875 1373 1005 1408 Quos
1041 1373 1148 1406 IPSI
1185 1373 1458 1405 EXTL‘RBA-

141 1458 299 1499 RANT,
327 1458 418 1490 Eos
445 1458 503 1490 IN
529 1457 830 1490 CIVITATEM
857 1446 1215 1489 REs‘rITUTosf

206 1525 282 1573 .C.
310 1524 530 1572 Gracchi
560 1532 611 1572 et
646 1524 901 1580 Saturnini
936 1524 1170 1588 exempla
1203 1523 1455 1579 intulerat,

140 1623 353 1672 quorum
372 1607 497 1654 alter
517 1607 566 1654 in
586 1605 898 1655 Adventinof
911 1607 1203 1655 interfectus
1222 1612 1313 1663 est,
1336 1606 1459 1653 alter

133 1690 395 1754 Capitolio
421 1690 673 1737 deductus
697 1706 813 1737 cum
846 1688 1067 1736 Glaucia
1090 1695 1302 1751 praetore
1323 1688 1460 1751 iugu-

138 1773 287 1821 latus.
356 1772 485 1821 Post
518 1788 729 1836 quorum
765 1788 938 1819 necem
973 1771 1232 1819 restitutos
1261 1769 1310 1816 iu
1348 1768 1462 1816 civi-

138 1863 292 1903 tatem
316 1855 564 1919 significat
589 1854 665 1904 .P.
693 1854 951 1918 Popilium
987 1854 1074 1918 qui
1100 1853 1336 1901 Graccho
1360 1869 1461 1901 ces-

141 1946 286 1995 serat,
310 1945 360 1986 et
383 1938 461 1992 .Q.
499 1938 765 1986 Metellum
800 1937 1148 1994 Numidicum,
1176 1935 1264 1999 qui
1288 1942 1341 1983 ut
1363 1934 1462 1983 vio-

139 2021 345 2069 lentiam
385 2020 461 2069 .L.
500 2021 691 2084 Apulei
733 2021 1115 2082 subterfugeret,
1155 2018 1458 2066 exolaverat.

188 2219 202 2235 ³
227 2215 353 2249 Codex
378 2217 399 2232 ‘⁶
416 2215 569 2249 hominis
585 2226 717 2249 nomen
733 2219 769 2248 et
785 2215 939 2259 figuris.''

183 2261 197 2282 ¹³
222 2261 391 2306 Supplevi
403 2274 489 2307 quae.

187 2314 200 2328 Ε
226 2309 285 2343 An
301 2309 380 2342 haec
399 2307 593 2342 similitudo
617 2309 750 2352 petitur
766 2320 786 2341 a
799 2309 895 2349 luna,
913 2308 1015 2341 cuius
1031 2318 1167 2341 cornua
1183 2311 1260 2339 tum
1278 2306 1459 2343 decidunt,

140 2366 223 2389 cum
241 2366 283 2388 ea
299 2356 405 2399 plena
417 2355 479 2388 fit?
515 2355 587 2388 Sed
609 2355 703 2388 enim
721 2358 840 2388 noster
854 2355 1033 2399 Interpres
1050 2353 1317 2386 similitudinem
1335 2353 1460 2398 proba-

140 2402 243 2435 bilius
259 2402 366 2435 refert
382 2401 426 2434 ad
443 2401 564 2435 feram.

187 2447 201 2468 '³
220 2448 347 2481 Codex
364 2450 384 2464 “
400 2447 483 2488 Qua
499 2448 539 2481 P.
555 2447 722 2481 Clodium
744 2447 788 2480 ad
805 2447 877 2481 fere
894 2447 1043 2480 alicuius
1056 2446 1173 2479 beluae
1191 2446 1460 2479 similitudinem

141 2492 433 2540 adscribsi.”—[“
450 2493 571 2528 Beluoe
584 2505 656 2531 uon
673 2499 748 2531 erat
763 2496 800 2527 in
815 2493 930 2530 belluoe
943 2491 1207 2537 mutandum.''j

188 2545 201 2560 ⁶
223 2541 329 2574 Hunc
343 2541 459 2574 locnm
472 2541 500 2573 C
504 2540 666 2579 icet-onis,
684 2540 786 2574 cuius
799 2543 939 2573 tantum
952 2540 1161 2584 particulam
1178 2538 1331 2571 servavit
1342 2540 1461 2571 noster

143 2586 332 2630 lutei-pres,
348 2590 436 2631 puto
451 2587 558 2620 fuisse
575 2587 790 2620 simillimum
808 2587 886 2620 loco
902 2586 942 2619 de
956 2586 1107 2631 Har-usp.
1125 2585 1229 2630 Κεφ.
1248 2594 1311 2618 xx.
1323 2587 1382 2619 43.
1399 2584 1462 2617 ubi

143 2634 228 2665 item
245 2643 359 2666 sermo
375 2636 427 2665 est
445 2633 489 2665 de
512 2633 681 2667 Gracchis
704 2638 739 2666 et
756 2633 965 2666 Saturnino:
991 2636 1026 2665 et
1043 2633 1073 2665 is
1091 2632 1189 2664 locus
1206 2631 1254 2663 ibi
1275 2631 1462 2674 consequi-

145 2684 201 2711 tur
222 2680 380 2722 proxime
395 2680 502 2712 alium
518 2680 634 2712 locum
653 2680 800 2712 similem
819 2680 905 2712 item
920 2679 1130 2723 fragmento,
1151 2677 1246 2722 quod
1259 2687 1345 2711 mox
1363 2677 1461 2710 exhi-

143 2725 297 2761 buimus,
314 2736 347 2768 p.
363 2729 419 2759 40.
436 2725 480 2758 de
494 2726 621 2759 Clodio
634 2737 654 2760 a
671 2726 793 2771 piratis
810 2729 926 2770 capto.

189 2769 200 2790 f
222 2771 347 2805 Codex
363 2771 398 2805 in
418 2771 579 2806 Adtento.
