1918 3254
451 272 516 317 46
985 271 1057 305 DE
1094 269 1234 305 REGE

449 376 636 434 quam³
678 384 907 433 praeceps
955 367 1333 430 quodaminodo
1373 370 1488 427 ruit,
1536 385 1652 418 cum
1691 369 1759 418 ad

448 452 755 516 diripiendas
781 449 1002 498 Parthiae
1042 450 1193 497 urbes
1228 451 1632 515 opulentissimas
1660 451 1762 501 Eu·

447 534 658 585 fratemb
699 534 988 593 transisset3
1024 532 1174 581 etiam
1204 532 1319 597 ipse
1355 533 1560 584 Tullius
1584 542 1762 584 auctor

447 625 523 667 est
546 618 673 666 libro
692 617 836 666 tertio
857 618 920 665 de
940 616 1169 673 Officiis,c
1204 615 1348 664 cuius
1365 617 1516 666 verba
1537 618 1758 677 inferam,

443 718 549 766 quo
573 701 731 765 magis
757 700 883 765 quid
919 701 983 748 de
1014 700 1240 750 moribus
1269 699 1375 749 eius
1395 700 1645 760 iudicarit,
1679 719 1765 767 ap·

444 791 635 850 pareat,
685 784 767 833 Sic
787 783 918 832 enirn
934 783 1057 831 mihi
1077 789 1273 832 textum
1290 784 1646 834 recordor.-“
1661 784 1763 834 Ita-

445 874 476 894 “
497 884 597 932 que
613 867 654 915 si
670 867 745 916 vir
770 868 931 916 bonus
955 867 1140 916 habeat
1157 869 1286 921 hanc
1308 868 1408 917 vim
1434 874 1494 916 ut
1515 868 1557 917 si
1574 868 1761 932 digitos

444 957 476 977 “
500 950 866 1015 concrepuerit,
904 951 1068 1015 possit
1090 952 1141 1000 in
1161 951 1472 1016 locupletum
1496 958 1765 1002 testamen-

444 1038 551 1082 “ta
592 1050 776 1082 nomen
810 1033 915 1082 eius
950 1035 1191 1100 inrepere,
1229 1036 1326 1083 hac
1351 1035 1399 1083 vi
1432 1052 1533 1084 non
1571 1041 1759 1094 utatur,

442 1122 474 1144 ‘⁴
492 1133 555 1164 ne
587 1116 629 1164 si
664 1116 984 1181 exploratum
1010 1117 1217 1181 quidem
1241 1118 1442 1177 habeat,
1476 1119 1530 1167 id
1555 1119 1760 1169 omnino

444 1206 475 1227 “
498 1199 747 1249 neminem
778 1216 1022 1263 umquam
1061 1200 1483 1265 suspicaturum.”
1558 1200 1763 1249 Deinde

441 1283 658 1332 subicit:
696 1284 819 1331 “At
857 1283 1002 1331 dares
1037 1283 1167 1331 hanc
1199 1283 1299 1331 vim
1338 1283 1430 1332 .M.
1459 1282 1661 1342 Crasso,
1703 1290 1761 1332 ut

441 1373 472 1394 “
492 1366 760 1431 digitorum
783 1365 1110 1430 percussione
1133 1367 1276 1414 heres
1291 1364 1310 1389 ‘³
1349 1372 1523 1431 posset
1538 1366 1758 1432 scriptus

442 1457 472 1478 “
490 1467 614 1508 esse,
642 1449 731 1514 qui
748 1465 920 1497 revera
941 1465 1043 1497 non
1061 1455 1195 1503 esset
1218 1449 1376 1507 heres,
1398 1449 1450 1497 in
1465 1460 1470 1464 ·
1483 1451 1610 1508 foro,
1638 1449 1759 1500 mihi

441 1540 470 1560 “
494 1534 656 1591 crede,
692 1532 940 1581 saltaret.’'
1009 1531 1112 1580 Sed
1135 1538 1337 1589 tamen:
1366 1549 1479 1596 quae
1504 1539 1623 1582 sunt
1643 1548 1759 1582 nos-

438 1623 517 1666 tra
559 1616 761 1674 iudicia,
818 1603 1113 1664 teintaverat
1161 1615 1379 1664 Crassus
1443 1616 1755 1674 adseverare,

438 1716 537 1749 non
561 1700 715 1748 semel
751 1700 815 1748 de
835 1699 930 1747 hac
966 1698 1182 1762 AEgypti
1221 1696 1514 1756 severitate‚f
1542 1700 1634 1748 sed
1666 1701 1758 1748 fre-

439 1783 766 1849 quentissime
788 1782 1186 1848 praeiudicatum.

503 1866 586 1916 Ac
613 1882 790 1915 PRIMO
816 1882 1026 1916 QUIDEM
1063 1866 1188 1924 rLLo
1209 1881 1483 1924 TEMPORE,
1534 1882 1636 1916 Quo
1658 1882 1755 1917 ‚PE-

438 1964 606 1999 CUNIA
633 1965 904 1999 REPETITA
935 1964 1055 1998 EssE
1086 1965 1156 1999 AB
1179 1949 1353 2009 TYRO,
1378 1956 1472 2001 ΔΕΤς
1500 1964 1752 2001 ADVECTA

481 2159 497 2176 ³
521 2155 611 2190 Cod.
625 2156 662 2190 in
698 2170 750 2191 ιια.

480 2200 496 2222 b
511 2203 570 2237 Ita
582 2203 657 2237 sine-
669 2169 954 2249 gdspimtaevide
966 2204 1063 2240 (licta
1074 2206 1120 2240 ad
1131 2205 1229 2241 Orat.
1241 2206 1277 2240 in
1291 2205 1383 2241 Clocl.
1395 2213 1426 2241 et
1440 2206 1555 2241 Cur-in.
1568 2219 1602 2254 p.
1613 2211 1706 2244 ILn.
1717 2211 1751 2243 2.

482 2254 496 2270 ⁰
513 2250 601 2294 Cap.
619 2259 698 2285 xix.

480 2295 496 2317 ‘¹
514 2297 636 2338 Heres,
649 2297 816 2332 hereditas
831 2299 903 2332 vidi
917 2309 1055 2344 semper
1071 2299 1146 2333 sine
1164 2299 1385 2344 diphthongo
1399 2301 1436 2334 in
1452 2300 1608 2344 antiquis
1625 2301 1740 2336 Codd.

481 2347 495 2364 e
511 2344 619 2377 Pluto
636 2344 713 2378 haec
729 2345 837 2379 verba
847 2346 994 2379 Asconii
1010 2346 1140 2390 potius,
1156 2357 1265 2390 quam
1282 2347 1473 2382 Ciceronis.
1489 2347 1656 2381 Ceterum
1674 2349 1752 2382 Au-

436 2389 539 2424 dreas
568 2391 742 2424 Patricius
764 2392 836 2425 iam
853 2403 918 2426 nos
933 2393 1081 2435 monuit,
1109 2404 1203 2437 saepe
1231 2394 1268 2426 in
1300 2394 1459 2427 Asconio
1490 2395 1583 2428 male
1599 2395 1751 2430 discerni

434 2436 583 2471 Asconii
599 2437 707 2470 verba
723 2449 743 2470 a
759 2439 874 2472 verbis
897 2439 1090 2474 Ciceronis.
1138 2440 1185 2473 V.
1200 2440 1297 2473 Edit.
1318 2440 1436 2483 Lugd.
1463 2440 1589 2474 Batav.
1603 2442 1751 2476 Asconii

435 2484 520 2517 anni
540 2486 638 2518 1675.
662 2495 695 2528 p:
713 2488 793 2520 284.
831 2485 927 2520 Vide
941 2486 1036 2520 idem
1046 2486 1221 2520 monitum
1239 2486 1347 2520 ctiam
1361 2487 1399 2520 in
1413 2488 1510 2521 calce
1527 2487 1624 2522 Edit.
1639 2489 1752 2523 Paris.

435 2531 519 2564 anni
546 2533 646 2564 1520.

481 2575 493 2597 ¹
515 2577 623 2610 Forte
640 2579 677 2611 iu
694 2579 909 2622 expellendo
926 2578 1039 2623 Rege.

481 2628 498 2650 ὅ
523 2624 611 2657 Cod.
631 2625 771 2670 Aptirei
787 2627 854 2666 secl,
880 2626 1153 2670 corruptissime.
1203 2626 1254 2660 At
1276 2626 1370 2659 hunc
1388 2627 1505 2660 locum
1523 2628 1668 2662 mirifice
1689 2628 1751 2661 dc-

435 2669 546 2703 clarat
562 2670 638 2714 ipse
661 2672 801 2705 Tullius
827 2673 865 2706 in
882 2672 981 2706 orat.
1005 2682 1041 2706 ιι.
1067 2673 1235 2706 adversus
1253 2673 1401 2707 Rullum
1422 2683 1501 2707 xvt.
1527 2675 1589 2708 ubi
1606 2675 1679 2718 agit
1705 2675 1749 2708 do

434 2717 528 2759 regis
544 2716 754 2758 Alexandri,
771 2719 832 2762 qui
849 2722 1009 2752 mortuus
1023 2722 1077 2752 est
1089 2720 1174 2753 exul
1188 2719 1285 2762 Tyri,
1301 2723 1526 2761 testamento,
1543 2732 1614 2765 quo
1631 2723 1751 2765 Popu-

433 2760 510 2796 lum
528 2762 732 2798 Romanum
748 2766 848 2809 regni
864 2765 1043 2800 haeredem
1057 2766 1253 2811 scripserat,
1268 2767 1362 2811 quod
1377 2769 1498 2802 tamen
1510 2778 1661 2811 regnum
1678 2768 1752 2806 Ro-
