1971 3263
1056 244 1124 293 xii

438 364 645 412 hendas.
716 362 821 410 Iam
849 375 964 408 vero
984 359 1185 407 ineunte
1206 360 1395 410 saeculo
1420 361 1593 410 XVII.
1632 378 1747 409 cum

440 442 860 495 FEDERICUS
933 440 1395 490 CARDINALIS
1469 444 1746 492 BORRO-

443 528 677 583 MAEUS,
700 525 844 572 cuius
869 523 1148 571 immortale
1167 540 1348 572 nomen
1361 527 1500 574 nulla
1519 544 1741 590 unquam

438 610 619 658 oblivio
678 607 880 664 delebit,
937 606 1326 655 Ambrosianam
1371 608 1742 658 Bibliothecam

436 692 629 741 infinito
666 677 869 755 sumptu
896 691 1145 747 fundaret,
1187 707 1402 754 eamque
1446 692 1742 754 conquisitis

437 775 663 838 undique
699 773 839 821 libris
879 772 1225 836 locupletaret,
1269 775 1335 821 ad
1382 773 1657 822 Bobienses
1694 773 1742 822 in

436 857 608 920 primis
664 856 881 904 Codices
934 856 1151 904 animum
1197 856 1426 913 intendit,
1475 857 1744 920 missisque

437 941 587 1003 largis
612 939 901 988 muneribus
937 938 1008 986 ita
1040 939 1251 987 feliciter
1270 956 1370 987 rem
1392 939 1646 1003 transegit,
1686 947 1744 987 ut

435 1023 686 1087 quidquid
721 1023 867 1070 bonae
900 1021 1058 1084 frugis
1100 1022 1150 1069 in
1186 1039 1244 1070 eo
1276 1029 1531 1085 pervetere
1571 1023 1743 1084 Lyceo

436 1108 639 1163 latebat,
691 1107 755 1154 ad
805 1122 923 1153 suos
966 1104 1312 1153 ambrosianos
1360 1105 1561 1169 pluteos
1609 1123 1744 1154 sevo-

435 1190 575 1237 carit.

502 1272 562 1320 In
603 1272 678 1320 his
709 1273 859 1336 igitur
883 1290 973 1335 ego
1013 1273 1306 1329 Codicibus,
1344 1273 1431 1336 qui
1467 1273 1744 1321 Bobienses

433 1355 795 1412 inscribuntur,
824 1372 975 1402 unum
1003 1355 1327 1419 deprehendi,
1354 1356 1402 1402 in
1424 1372 1525 1418 quo
1550 1355 1744 1403 Sedulii

434 1438 691 1487 christiani
717 1446 875 1500 poetae
895 1454 1047 1500 opera
1071 1437 1210 1485 edita
1234 1437 1565 1493 continentur,
1592 1455 1742 1501 quem

434 1538 550 1570 cum
590 1520 884 1568 acutissima
922 1520 1186 1568 oculorum
1226 1521 1334 1568 acie
1375 1520 1657 1577 lustrarem,
1695 1529 1744 1568 et

433 1605 529 1651 sub
578 1603 851 1667 posteriore
893 1603 1144 1666 scriptura
1183 1603 1398 1667 priorem
1438 1603 1673 1663 rimarer,
1710 1621 1740 1651 o

435 1687 580 1735 Deus
623 1686 930 1744 immortalis,
978 1692 1180 1749 repente
1225 1686 1491 1733 clamorem
1540 1687 1737 1744 sustuli,

434 1769 558 1833 quid
577 1770 780 1817 demum
805 1769 976 1817 video!
1048 1768 1128 1817 En
1157 1768 1464 1826 Ciceronem,
1491 1787 1551 1817 en
1571 1770 1739 1818 lumen

432 1870 650 1902 romanae
689 1852 936 1900 facundiae
992 1851 1352 1915 indignissimis
1392 1852 1610 1900 tenebris
1651 1853 1740 1901 cir-

433 1936 772 2000 cumseptum!
842 1934 1084 1998 Agnosco
1126 1935 1414 1998 deperditas
1435 1935 1593 1982 Tullii
1634 1952 1741 1983 ora-

432 2019 607 2077 tiones,
643 2019 802 2066 seutio
843 2017 954 2078 ejus
979 2018 1319 2080 eloquentiam
1345 2035 1405 2065 ex
1433 2018 1508 2065 his
1534 2017 1740 2066 latebris

432 2101 600 2149 divina
639 2102 863 2165 quadam
896 2101 940 2148 vi
981 2101 1151 2158 fluere,
1190 2102 1528 2148 abundantem
1564 2117 1741 2148 sonan·

431 2184 569 2232 tibus
614 2183 780 2232 verbis
828 2183 1175 2246 uberibusque
1222 2184 1499 2231 sententiis,
1580 2181 1740 2230 Tituli

432 2284 640 2331 quoque
660 2283 869 2331 operum
900 2267 949 2314 in
976 2266 1196 2329 margine
1215 2266 1407 2314 codicis
1433 2282 1541 2313 sese
1565 2265 1738 2328 paula-

431 2350 518 2398 tim
562 2357 880 2413 aperuerunt.
957 2349 1134 2412 Atque
1173 2350 1253 2397 hic
1290 2366 1381 2411 ego
1417 2348 1621 2411 quantis
1646 2348 1741 2395 lae-

428 2432 549 2480 titiis
574 2433 769 2490 incessi,
788 2450 903 2480 cum
921 2442 1086 2496 partes
1106 2433 1329 2495 ingentes
1349 2432 1562 2478 ineditas
1589 2430 1737 2478 trium

431 2516 688 2565 Ciceronis
727 2516 1007 2564 orationum
1050 2514 1374 2579 deprehendi,
1412 2532 1509 2576 pro
1549 2513 1738 2561 »Scauro

428 2598 675 2655 nimirum,
712 2616 809 2661 pro
855 2598 1036 2654 Ταίῖίο,
1075 2605 1123 2645 et
1153 2615 1246 2661 pro
1288 2598 1470 2644 Flacco
1488 2599 1509 2643 ‚7
1579 2596 1738 2644 Gran-

429 2680 582 2728 dibus
607 2687 657 2728 et
690 2680 1042 2744 pulcherrimis
1069 2679 1245 2727 litteris
1275 2697 1334 2727 ea
1357 2686 1557 2727 constat
1580 2679 1737 2742 scrip-

429 2771 557 2820 tura,
594 2769 644 2812 et
667 2763 717 2811 in
758 2770 856 2811 tres
904 2779 1223 2827 unaquaeque
1250 2761 1449 2826 pagella
1473 2762 1734 2810 columnas
