1971 3263
694 274 794 309 Pno
829 274 1039 310 SCAURO.
1488 276 1516 319 7

211 375 263 417 et
290 369 584 426 inlustravit,
620 369 759 432 quod
791 369 1048 417 occultum
1079 372 1246 417 tamen
1272 383 1369 416 non
1397 374 1516 426 erat,

209 467 309 500 non
326 468 434 499 esse
453 452 550 499 hoc
575 451 823 512 judicium
855 452 1051 513 judicii,
1085 452 1175 501 sed
1202 451 1518 500 comitiorum

210 533 551 582 consularium
569 551 723 583 causa
747 540 1129 598 comparatum.²²
1179 531 1280 581 Hic
1301 549 1391 596 ego
1411 533 1456 580 A
1465 550 1521 596 p-

209 615 348 679 pium
387 616 655 665 Claudium
695 617 954 666 consulem
999 616 1320 665 fortissimum
1366 622 1520 678 atque

209 698 574 746 ornatissimum
591 700 766 756 virum,
786 714 1101 762 mecumque,
1127 707 1185 745 ut
1203 714 1364 761 spero,
1385 697 1522 745 fideli

208 779 258 827 in
281 782 488 844 gratiam
523 782 684 829 reditu
715 783 959 844 firmoque
995 780 1351 841 conjunctum⁰
1381 779 1520 827 nullo

207 860 335 919 loco,
377 863 595 919 IudiceS,
638 862 946 926 vituperabo.
1018 861 1239 910 Fuerant
1284 861 1413 909 enim
1452 878 1521 908 eae

207 950 374 1006 partes
394 951 478 991 aut
496 944 539 1004 ej
548 961 607 992 us
626 962 779 1010 quem
797 946 850 994 id
868 946 1032 993 facere
1056 945 1203 993 dolor
1227 951 1276 992 et
1297 943 1521 1008 suspicio

210 1041 302 1072 sua
338 1025 515 1088 coegit,
552 1034 641 1074 aut
672 1027 781 1089 ejus
813 1027 897 1091 qui
927 1028 1016 1075 has
1051 1027 1146 1074 sibi
1176 1034 1342 1090 partes
1373 1027 1525 1090 depo-

208 1107 386 1170 poscit.
456 1107 611 1162 Quod
651 1116 738 1155 aut
775 1125 875 1154 non
908 1109 1337 1156 animadvertebat
1373 1125 1524 1170 quem

207 1189 430 1246 violaret,
451 1198 539 1238 aut
557 1191 753 1239 facilem
772 1190 868 1238 sibi
886 1192 991 1239 fore
1009 1190 1228 1238 reditum
1244 1190 1294 1237 in
1312 1190 1524 1252 gratiam

211 1272 558 1331 arbitrabatur.
610 1273 721 1338 Ego
736 1281 928 1322 tantum
945 1273 1111 1321 dicam
1130 1274 1269 1336 quod
1291 1280 1339 1320 et
1359 1289 1524 1320 causae

211 1354 345 1411 satis,
380 1362 428 1403 et
460 1356 509 1404 in
544 1357 688 1404 illum
718 1357 917 1406 minime
952 1357 1134 1405 durum
1170 1362 1256 1403 aut
1293 1371 1527 1419 asperum

209 1437 370 1501 possit
395 1454 519 1486 esse.
591 1439 727 1493 Quid
746 1440 876 1487 enim
894 1439 1048 1486 habet
1068 1437 1396 1500 turpitudinis
1421 1436 1528 1500 Ap-

207 1520 343 1583 pium
391 1519 660 1567 Claudium
709 1521 783 1567 M.
837 1520 1031 1568 Scauro
1086 1536 1195 1567 esse
1238 1518 1527 1566 inimicum?

211 1601 381 1655 Quid?
415 1604 662 1663 {3⁷13Appjufip
686 1601 925 1648 Africano
949 1618 1051 1649 non
1073 1600 1200 1648 fuit?
1251 1601 1389 1654 Quid
1407 1601 1528 1664 mihi

207 1684 314 1747 ipse
338 1684 471 1731 idem
502 1682 655 1730 iste?q
705 1682 843 1736 Quid
868 1697 959 1745 ego
978 1682 1085 1729 illi?
1119 1699 1231 1745 quae
1255 1683 1528 1732 inimicitiae

208 1768 432 1815 dolorem
468 1767 667 1829 utrique
712 1767 924 1814 fortasse
964 1765 1256 1829 aliquando,
1299 1766 1526 1813 dedecus

208 1867 323 1899 vero
360 1857 495 1898 certe
530 1866 803 1913 numquam
837 1849 1129 1897 attulerunt.
1201 1848 1528 1906 Successum?

255 2043 270 2058 ¹²
295 2038 378 2072 Hoc
403 2038 489 2071 dicit
511 2037 655 2071 Cicero:
690 2036 868 2071 Triarium
885 2048 964 2071 eam
989 2037 1106 2072 dicam
1123 2038 1256 2072 Scauro
1280 2039 1468 2084 impegisse
1486 2044 1526 2074 ut

209 2096 290 2118 eum
308 2085 505 2124 consulatu,
530 2094 637 2128 quem
652 2084 808 2128 petebat,
825 2085 1041 2118 excluderet.
1093 2084 1199 2126 Quod
1216 2087 1400 2120 confirmat
1413 2088 1527 2121 Asco-

210 2131 291 2165 nius
304 2132 340 2163 in
357 2135 576 2174 argumento.

253 2183 267 2197 ⁰
290 2177 347 2210 De
358 2176 596 2210 simultatibus
609 2179 644 2210 et
656 2176 940 2211 reconciliatione
952 2177 1134 2211 Ciceronis
1148 2189 1229 2212 cum
1241 2179 1360 2223 Appio
1374 2180 1525 2214 Claudio

208 2223 288 2256 vide
310 2223 476 2267 epistolas
499 2223 616 2267 plures
642 2224 741 2257 Libri
773 2233 825 2257 ιιι.
852 2224 897 2256 ad
927 2224 1145 2258 Familiares.
1202 2225 1252 2257 Et
1283 2226 1428 2269 quidem
1460 2237 1525 2269 pro

208 2269 337 2304 Milon.
353 2278 473 2303 xxvxi.
490 2269 609 2305 scribit
635 2269 781 2304 Cicero:
806 2270 956 2316 Appium
963 2270 1118 2315 fratrem
1135 2271 1198 2314 (P.
1217 2270 1344 2314 Clodii)
1360 2271 1526 2306 hominem

209 2315 293 2349 mihi
308 2316 511 2350 coniunctum
520 2314 717 2359 fidelissima
728 2317 855 2362 gratia.

256 2366 271 2387 Ρ
296 2363 354 2396 Ita
369 2362 456 2395 forte
473 2362 612 2395 videtur
631 2362 667 2395 in
687 2362 840 2396 Codice:
868 2363 927 2396 scd
949 2362 984 2395 in
1003 2363 1111 2395 dubia
1134 2363 1286 2397 lectione
1303 2374 1372 2396 non
1397 2375 1524 2398 moror.

208 2409 334 2442 Cicero
348 2409 391 2442 de
408 2409 569 2442 Provinc.
582 2408 724 2442 Consul.
740 2418 819 2442 vui.
834 2409 954 2442 scribit
965 2409 1149 2442 Tiberium
1164 2410 1364 2443 Gracchum
1376 2414 1525 2454 patrem,

207 2455 314 2489 fuisse
329 2455 611 2488 inimicissimum
628 2454 796 2488 Africani.
839 2455 910 2488 Sed
927 2454 1056 2489 Tiberii
1077 2455 1223 2488 Gracchi
1238 2466 1369 2489 nomen
1384 2467 1526 2500 prorsus

208 2512 279 2534 non
295 2505 348 2535 est
363 2502 399 2535 in
416 2501 482 2535 hoc
498 2501 641 2534 Codicis
658 2502 745 2535 loco.
796 2501 885 2534 Sunt
902 2506 1021 2535 autem
1038 2501 1072 2534 in
1086 2502 1219 2535 Codice
1234 2502 1351 2535 dubiae
1364 2502 1526 2537 lectionis

210 2558 253 2580 ea
268 2548 385 2589 verba,
402 2547 530 2592 quibus
548 2558 612 2581 nos
633 2552 765 2590 puncta
779 2547 1040 2581 subscribimus.

257 2599 271 2619 ‘³
297 2595 437 2638 Nempe
452 2594 591 2637 Appius
613 2594 794 2627 Claudius.

254 2643 268 2658 ¹
290 2641 430 2684 Appius
458 2640 629 2673 Claudius
654 2641 877 2673 consulatum
903 2641 1011 2684 gessit
1040 2651 1132 2674 anno
1155 2641 1262 2675 L‘rbis
1287 2651 1370 2676 Dcc.
1396 2642 1454 2676 cui
1478 2653 1524 2676 ne

212 2687 364 2720 Scaurus
381 2686 587 2719 succederet
603 2687 758 2720 excitata
775 2687 852 2720 haec
877 2698 985 2720 causa
1001 2686 1139 2725 dicitur,
1153 2688 1293 2721 favente
1317 2689 1525 2723 adversariis

210 2732 285 2774 ipso
301 2734 445 2766 consule
468 2733 586 2777 Appio
603 2733 764 2766 Claudio.
814 2733 910 2776 Ergo
936 2743 1042 2766 causa
1059 2743 1129 2767 non
1149 2745 1243 2769 anuo
1258 2744 1408 2771 nexem.
1425 2740 1465 2770 ut
1488 2736 1524 2772 in

212 2779 388 2814 nonnullis
405 2779 621 2814 editionibus
638 2779 777 2824 dicitur,
795 2780 856 2814 scd
875 2790 957 2815 nce.
976 2784 1072 2815 orata
1087 2787 1148 2814 est.
