1918 3254
286 897 382 933 Edit.

277 944 322 979 N.
339 949 394 982 33.

463 305 529 350 96
925 302 1026 338 PRO
1065 301 1303 340 PLANcro.

462 402 674 452 Plancio
708 415 818 447 esse
849 398 1106 461 debuisse3
1143 400 1410 465 quominus
1433 404 1571 452 fieret
1595 402 1770 463 aedilis,

461 485 668 550 quando
690 488 834 548 pater
854 482 960 530 eius
983 484 1218 547 quaedam
1241 473 1442 532 liberius
1475 492 1524 534 et
1548 486 1772 535 exertius

460 569 700 616 adversus
722 567 970 631 quosdam
991 567 1233 630 primores
1253 574 1455 615 senatus
1478 568 1527 616 in
1550 569 1772 634 publica—

458 666 637 698 norum
657 650 954 714 allegatione
979 650 1208 698 dixisset.
1279 650 1339 697 ld
1362 658 1562 699 revocat
1587 652 1772 701 Orator

458 735 545 780 adc
580 734 933 790 defensionem,
972 733 1174 782 licuisse
1204 733 1377 781 dicens
1408 733 1679 797 unicuique
1709 735 1774 783 de

459 817 562 865 suis
582 817 775 876 iniuriis
797 818 948 865 libere
972 817 1230 882 conqueri.

524 900 641 948 Eoo
679 916 1105 949 PUBLICANORUM
1150 916 1209 948 IN
1250 900 1327 954 Ω.
1355 898 1655 948 SCAEvoLAM
1693 914 1776 947 vr·-

459 999 570 1032 RUM
593 1000 837 1032 OMNIBUS
859 999 1094 1032 INGENIO
1122 998 1364 1031 IUSTITIA
1392 998 1769 1031 INTEGRITATE

457 1082 823 1115 PRAESTANTEM
883 1083 1084 1115 ASPERE
1139 1081 1204 1113 ΕΤ
1253 1081 1554 1113 FEROCITER
1604 1081 1768 1114 DICTA

458 1151 871 1198 COMMEMossml?
928 1150 1171 1199 CONSULI
1210 1148 1285 1196 .P.
1325 1147 1542 1195 NASICAE
1586 1163 1762 1196 PRAEco

457 1234 707 1282 GRA-Nius
750 1250 808 1281 IN
853 1248 1028 1281 MEDIO
1070 1247 1216 1288 rouo,
1259 1246 1367 1277 CUM
1408 1245 1532 1277 ILLE
1567 1244 1769 1278 EDICTO

457 1332 696 1364 1UsT1'r10
738 1331 933 1364 DOMUM
980 1329 1261 1362 DECEDENS
1317 1328 1587 1360 ROGASSET
1623 1312 1768 1360 GRA-

457 1415 614 1456 NIUM,
666 1414 796 1447 QUID
844 1413 1053 1446 'rmsrls
1096 1412 1283 1445 ESSET:
1353 1412 1426 1444 AN
1464 1412 1604 1446 QUOD
1649 1411 1764 1444 REI-

458 1495 597 1527 Ec'rAE
624 1496 925 1529 AUCTIONES
953 1481 1189 1529 ESSENT?
1233 1496 1378 1528 ΙΜΜΟ
1406 1496 1549 1529 VERo
1577 1495 1770 1529 INQUIT

455 1578 596 1612 QUOD
633 1580 992 1613 LEGATIONES.

519 1644 875 1695 Potentissime
908 1648 971 1695 ab
999 1646 1244 1711 exemplis
1284 1647 1501 1711 qualitas
1537 1645 1770 1693 absoluta

452 1730 692 1787 firmatur,
733 1729 936 1778 licuisse
972 1730 1185 1778 Plancio
1227 1729 1409 1778 seniori
1442 1730 1675 1792 quaedam
1712 1727 1772 1775 li-

452 1812 617 1860 berius
643 1813 807 1860 dicere
838 1830 931 1876 pro
966 1813 1205 1860 societate
1243 1812 1645 1874 publicanorum,
1683 1810 1770 1873 qui

453 1896 601 1943 etiam
634 1895 685 1943 in
722 1897 799 1951 .Q.
837 1895 1116 1943 Scaevolam
1150 1895 1283 1943 omni
1319 1895 1502 1942 virtute
1531 1899 1769 1958 praestan-

454 1978 699 2026 tissimum
724 1979 885 2026 virum
921 1977 1158 2026 fiduciam
1195 1994 1297 2024 suae
1332 1976 1576 2025 libertatis
1597 1992 1769 2024 erexe-

454 2061 564 2108 rint.
652 2061 778 2108 Inde
818 2061 1134 2109 transcendit
1169 2061 1232 2108 ad
1267 2059 1559 2123 exemplum
1590 2059 1769 2108 famosi

455 2145 712 2207 quondam
731 2144 975 2208 praeconis
1014 2145 1090 2200 .Q.
1114 2143 1292 2191 Granii
1315 2150 1364 2191 et
1388 2143 1616 2207 adprime
1635 2143 1770 2192 dica-

454 2227 655 2284 cissimi‚
682 2245 831 2292 quem
862 2244 992 2285 cum,
1019 2227 1188 2275 edicto
1215 2226 1426 2283 iustitio,
1453 2223 1506 2275 id
1538 2233 1616 2275 est
1648 2243 1770 2291 prae-

455 2310 590 2359 dicto
625 2311 678 2358 in
701 2327 804 2374 rep.
837 2317 1064 2375 tempore
1098 2308 1209 2375 quis
1237 2309 1362 2357 nihil
1397 2316 1626 2373 ageretur
1649 2309 1769 2358 civi-

453 2393 575 2442 lium
611 2394 938 2455 negotiorum‚
982 2393 1175 2442 Nasica
1210 2393 1388 2442 consul
1427 2392 1770 2458 compellavis-

454 2483 528 2525 set
572 2477 772 2526 obvium
813 2477 905 2526 sibi
946 2478 1073 2525 forte
1114 2477 1405 2534 venientem,
1445 2476 1768 2540 dixissetque

453 2559 770 2609 ioculariter:
826 2560 982 2608 Grani
1017 2560 1144 2624 quid
1182 2560 1334 2609 tristis
1370 2560 1456 2608 es?
1511 2559 1598 2608 An
1629 2559 1777 2624 quod‘

455 2722 570 2765 Igitur
584 2727 645 2756 aut
658 2723 835 2764 Valerius,
853 2727 887 2756 ct
906 2724 1033 2767 Capito
1045 2723 1151 2756 ctiam
1165 2723 1260 2767 apud
1277 2723 1433 2757 Gellium
1453 2732 1504 2756 lv.
1522 2725 1588 2765 10.,
1606 2721 1696 2755 duas
1711 2730 1771 2754 ac-

454 2769 570 2802 tiones
595 2770 828 2811 confundnnt,
854 2774 916 2803 aut
939 2771 990 2804 bis
1015 2770 1105 2803 Cato
1130 2770 1225 2803 diem
1247 2769 1286 2803 in
1312 2773 1439 2804 senatu
1464 2767 1622 2804 extraxit
1645 2770 1769 2803 contra

455 2815 633 2848 Caesarem
649 2816 770 2849 diceus
787 2817 824 2851 in
840 2818 960 2851 Causa
975 2816 1262 2851 Publicauorum.

505 2866 518 2881 ⁰
543 2862 711 2905 Supplevi
727 2863 780 2896 ad.

502 2906 513 2928 f
536 2907 604 2946 Qui
619 2919 682 2953 pro
698 2920 771 2954 quo.
