1918 3254
479 491 559 545 IN
596 495 1015 546 CATILINAM
1051 495 1141 544 IV.

161 683 327 762 NON
352 728 556 761 CAMPUS
580 729 844 761 AUSPICIIS
865 727 1263 761 CONSULARIBUS
1281 726 1466 759 coNsE-
1483 720 1684 801 Edgfiryffr-

1598 795 1616 811 ο

162 808 378 842 CRATUS.
1537 814 1581 848 Ν.
1597 817 1630 848 2.

225 875 353 923 Cum
371 879 530 925 omnis
550 879 868 941 magistratus
887 879 1144 942 auspicato
1162 886 1461 934 crearentur,

157 962 262 1004 tum
306 959 518 1006 maxime
559 961 790 1009 consules
835 968 1081 1009 certorum
1127 961 1462 1024 auspiciorum

154 1038 251 1086 ritu
276 1040 678 1101 designabantur.

217 1121 342 1169 NON
363 1137 600 1171 DENIQUE
618 1138 729 1170 Η.Έο
751 1139 908 1171 SEDES
935 1140 1166 1173 Hosoms
1194 1141 1356 1173 SELLA
1379 1140 1461 1172 cc-

153 1218 327 1251 RULIS.
1389 1210 1404 1223 ·

217 1285 404 1333 Omnes
420 1286 748 1350 magistratUS,
766 1288 1068 1351 quicumque
1083 1287 1279 1352 patricii
1294 1295 1460 1336 essent

151 1367 374 1415 curules¹²
398 1369 707 1426 dicebantur,
735 1377 787 1417 ut
805 1370 983 1418 consul
1019 1378 1067 1417 et
1096 1387 1208 1433 pars
1230 1370 1459 1433 patricio-

147 1466 272 1498 rum.
341 1451 538 1499 AEdiles
563 1452 724 1508 etiam,
757 1452 840 1515 qui
864 1453 926 1499 de
958 1452 1148 1516 plebeis
1176 1469 1276 1500 non
1300 1459 1454 1508 erant,

148 1532 362 1581 curules.
435 1533 568 1581 Nam
593 1534 675 1582 alii
698 1534 872 1582 itidem
906 1534 1067 1598 plebei
1092 1541 1247 1582 erant.
1320 1534 1456 1581 Sella

144 1614 294 1678 igitur
313 1615 575 1664 dicebatur
593 1617 794 1674 curulis,
812 1617 932 1679 quia
950 1616 1183 1665 carrulis⁰
1202 1618 1450 1678 magistra-

143 1703 224 1745 tus
247 1697 296 1745 in
321 1698 460 1746 curia
481 1699 779 1748 nitebantur.

208 1779 333 1828 NoN
370 1780 492 1829 ΤΙΒ.
518 1781 821 1830 GRACCHUS.
1523 1786 1615 1821 ΝΑ.

206 1860 436 1910 Tiberius
473 1863 735 1912 Gracchus
771 1863 1021 1911 Tribunus
1055 1863 1214 1927 plebis
1245 1864 1450 1912 sedicio-

142 1942 368 1992 sissimus
413 1945 580 1993 studio
635 1946 894 2010 repetendi
940 1946 1247 1994 tribunatum
1294 1947 1448 1995 multa

141 2025 388 2074 commisit
410 2028 667 2085 audacter,
700 2045 861 2092 eoque
884 2045 1057 2091 poenas
1081 2028 1186 2076 luit.
1259 2028 1359 2076 Sed
1394 2030 1447 2077 li-

141 2114 220 2155 cet
243 2108 342 2155 alia
363 2109 550 2157 maiora
569 2110 882 2166 commiserit,
901 2110 1080 2172 delegit
1100 2110 1283 2157 Orator
1306 2112 1445 2173 quod

139 2189 294 2238 levius
318 2198 435 2248 erat,
460 2199 515 2239 ut
545 2200 675 2240 esset
696 2209 793 2256 quo
830 2193 1202 2240 coniuratorum
1237 2209 1351 2255 spes
1375 2192 1444 2241 vi-

139 2273 342 2321 deretur
365 2274 620 2324 audacior.

182 2517 198 2534 ¹¹
222 2514 308 2548 Cod.
325 2515 457 2550 camiles
469 2517 653 2551 manifesto
668 2518 808 2552 mendo.
854 2518 949 2552 Tum
967 2518 1074 2551 etiam
1090 2517 1224 2561 reliqua
1240 2527 1319 2560 pars
1335 2516 1440 2550 huius

135 2559 258 2594 scholii
271 2561 310 2595 in
331 2562 462 2596 Codice
478 2567 532 2596 est
546 2564 787 2607 perturbatior.
835 2565 1002 2598 Ceterum
1025 2565 1069 2597 de
1084 2564 1150 2597 hac
1166 2574 1203 2596 re
1220 2564 1265 2596 V.
1284 2563 1439 2596 Gellium

135 2606 220 2641 Lib.
234 2616 288 2641 ιιι.
303 2618 380 2652 cap.
396 2618 504 2643 xvm.
542 2611 700 2652 Festum,
713 2614 749 2644 et
762 2611 914 2655 denique
924 2611 1100 2644 Isidorum
1117 2608 1265 2655 Etymol.
1279 2609 1359 2642 Lib.
1373 2618 1437 2643 xx.

134 2655 372 2734 cap-filrtllligltlge
383 2654 603 2702 Dfferentiis
613 2656 795 2701 verborum,
808 2657 869 2702 qui
881 2657 1092 2692 sententiam
1104 2656 1309 2691 Scholiastae
1327 2655 1438 2690 nostri

136 2708 202 2790 co?
220 2745 307 2781 Cod.
323 2746 452 2783 carolis.

833 2829 865 2860 K
