1918 3254
448 282 512 326 50
769 280 840 314 DE
874 277 1015 313 REGE
1051 276 1451 315 ALEXANDRINO.

449 394 629 430 CARAM
684 390 1076 425 ACCEPTAMQUE
1122 389 1334 423 POPULO
1369 389 1612 423 MANIBUS
1651 387 1764 422 SUIS

447 476 828 519 TRUCIDASSET,
852 473 1235 508 INTERFECTUM
1258 473 1380 506 ESSE
1402 473 1609 506 IMPETU
1633 472 1766 506 MUL-

447 559 751 593 TITUDINIS.

513 626 783 690 Congestis
825 627 972 674 valde
1017 625 1463 691 praeparationibus
1502 626 1655 674 fidem
1699 626 1766 674 fa-

447 709 529 768 cit,
566 717 624 758 ut
657 711 788 759 hanc
824 711 1018 758 caedem
1054 727 1084 757 a
1113 709 1333 774 populoa
1367 709 1523 772 magis
1547 709 1767 758 Alexan-

445 793 590 842 drino
614 794 804 842 factum
836 794 1090 857 probaret,
1126 809 1228 841 non
1263 791 1539 841 Ptolemaeo
1566 792 1768 840 iubente

444 876 780 926 commissam.
851 875 902 925 N
907 883 1104 925 otemus
1128 876 1260 924 enim
1281 875 1533 939 gradatim
1563 875 1669 923 fieri
1698 891 1770 922 ar·

442 967 697 1023 gurnenta,
737 977 851 1024 quae
886 967 1199 1025 praegravent
1236 959 1572 1024 suspicionem
1594 959 1661 1006 ad
1683 975 1770 1022 po-

441 1043 646 1107 pulares
681 1044 901 1108 impetus
935 1043 1283 1108 pertinentem.
1354 1041 1490 1090 Nam
1518 1040 1672 1104 coepit
1699 1040 1768 1088 ad

442 1124 580 1174 hunc
633 1128 842 1175 modum
893 1134 922 1154 “
957 1132 1112 1192 atque
1161 1125 1293 1174 illud
1339 1124 1488 1172 etiam
1533 1129 1766 1172 constare

441 1208 631 1261 video'’
678 1216 737 1258 ut
780 1211 845 1259 de
885 1210 1090 1259 veritate
1133 1225 1236 1256 non
1279 1206 1344 1255 sit
1389 1206 1764 1269 ambigendum,

440 1290 482 1339 si
508 1299 707 1348 constet
734 1298 862 1357 aput
890 1307 1080 1341 omnes.
1150 1291 1288 1339 Dein
1323 1289 1554 1337 subdidit
1593 1296 1622 1316 “
1648 1306 1765 1338 cum

440 1372 665 1436 reginam
714 1390 939 1422 sororem
989 1373 1172 1438 suam?
1221 1381 1278 1421 ut
1324 1373 1564 1421 atrocitas
1614 1374 1767 1437 parri-

441 1456 575 1513 cidii,
621 1461 674 1504 et
716 1457 878 1504 multo
913 1455 1073 1504 maior
1111 1455 1164 1503 in
1203 1456 1357 1504 exitio
1395 1456 1577 1520 reginae
1611 1457 1767 1505 omni-

439 1538 538 1586 bus
573 1537 724 1587 fuerit
757 1539 968 1588 horrori.
1051 1539 1180 1588 Post
1200 1539 1309 1588 haec
1333 1539 1521 1588 adiecit
1551 1540 1764 1589 eandem

441 1626 472 1648 “
498 1637 667 1669 caram
705 1657 918 1670 .....

804 1745 1028 1812 Reliqua
1049 1748 1400 1797 desiderantur.

438 1992 563 2036 pulsus
584 2002 696 2037 regno
712 1992 757 2026 ab
774 1990 1042 2033 Alexandrinis,
1062 1990 1199 2034 Tyrum
1221 1992 1378 2034 secessit,
1403 1993 1466 2026 ubi
1495 1994 1640 2028 condito
1655 1997 1765 2029 testa-

438 2042 574 2080 mento,
599 2049 672 2081 quo
697 2039 848 2082 AEgypti
872 2038 1054 2071 haeredem
1082 2039 1243 2082 Populus
1270 2039 1474 2073 Romanum
1502 2039 1667 2084 faciebat,
1699 2053 1763 2077 ex-

437 2084 573 2118 tinctus
589 2087 653 2117 est.
701 2085 846 2118 Interea
861 2084 1094 2117 nihilomiuus
1109 2085 1271 2128 regnavit
1287 2086 1516 2120 Alexandriae
1544 2088 1763 2123 Ptolemaeus

439 2131 600 2174 Auletes,
616 2131 647 2164 is
665 2131 726 2175 qui
743 2131 874 2165 deinde
899 2131 1052 2164 Romam
1079 2132 1245 2175 profugit,
1270 2135 1308 2166 et
1332 2133 1377 2166 de
1394 2143 1465 2177 quo
1489 2133 1626 2168 scilicet
1639 2135 1764 2170 habita

439 2181 493 2213 est
509 2178 587 2211 haec
605 2178 730 2211 Oratio
748 2177 927 2212 Tulliana.

484 2225 736 2258 Alexandrum
761 2234 815 2259 111.
839 2225 999 2269 plerique
1023 2223 1220 2268 Scriptores
1244 2225 1471 2260 confundunt
1492 2237 1578 2261 cum
1601 2237 1640 2262 ιι.
1689 2228 1762 2262 Sed

439 2281 500 2305 eos
513 2271 594 2305 vide
607 2271 692 2304 satis
705 2274 871 2305 accurate
885 2271 1072 2305 distinctos
1085 2272 1181 2315 apud
1195 2272 1382 2306 Petavium
1399 2273 1444 2306 de
1461 2272 1585 2308 Doctr.
1633 2274 1760 2319 Temp.

440 2319 523 2352 Lib.
539 2328 575 2352 x.
594 2329 671 2361 cap.
685 2320 742 2352 48.
792 2318 842 2351 Et
865 2319 1011 2362 quidem
1036 2329 1149 2362 quum
1173 2319 1362 2362 Appianus
1385 2319 1465 2352 loco
1489 2331 1603 2364 nuper
1616 2321 1763 2355 laudato

438 2365 537 2398 dicat
561 2364 810 2398 Alexandrum
832 2375 954 2408 regem
973 2364 1173 2398 Alexandri
1186 2365 1280 2409 regis
1295 2365 1407 2399 filium
1427 2367 1590 2400 occisum
1608 2367 1665 2401 die
1682 2377 1764 2404 xtx0

439 2414 521 2456 post
546 2411 675 2445 initum
702 2421 873 2455 regnum5
913 2414 1055 2445 constet
1086 2413 1208 2445 autem
1235 2412 1381 2446 aliunde
1409 2412 1669 2456 Alexandrum,
1701 2416 1764 2459 qui

439 2458 587 2492 ultimus
610 2458 678 2491 hoc
702 2457 846 2491 nomine
871 2459 1071 2503 appellatus
1095 2460 1159 2500 est,
1184 2461 1366 2492 mortuum
1386 2469 1463 2492 esse
1477 2459 1563 2503 Tyri
1577 2459 1615 2493 in
1632 2461 1761 2502 exili03

437 2508 549 2539 restat
565 2507 606 2537 ut
621 2504 681 2537 ille
698 2505 837 2539 occisus
850 2505 896 2538 sit
907 2505 1116 2538 Alexander
1130 2514 1182 2546 11„
1198 2505 1256 2538 hic
1273 2507 1358 2539 exul
1374 2513 1427 2540 ιιι.

488 2556 502 2571 ³
527 2551 616 2585 God.
645 2554 668 2568 ‘⁶
683 2551 716 2585 A
742 2552 875 2596 populo
899 2551 955 2585 .R.
982 2551 1097 2595 magis
1121 2551 1367 2585 Alexandrino
1377 2553 1396 2571 ”
1420 2552 1492 2585 Sed
1517 2552 1573 2587 .R.
1599 2554 1762 2588 additum

440 2599 496 2630 est
510 2599 682 2633 mendose
698 2609 720 2632 a
734 2598 887 2644 librario,
914 2609 963 2635 ex
986 2598 1247 2634 consuetudine
1270 2599 1451 2634 scribendi
1467 2599 1511 2633 de
1536 2600 1672 2648 Populo
1688 2601 1773 2637 Rom

438 2654 548 2680 mapw·
