<?xml version="1.0" encoding="UTF-8"?>
<!DOCTYPE html PUBLIC "-//W3C//DTD XHTML 1.0 Transitional//EN"
    "http://www.w3.org/TR/xhtml1/DTD/xhtml1-transitional.dtd">
<html xmlns="http://www.w3.org/1999/xhtml" xml:lang="en" lang="en">
 <head>
  <title>
</title>
<meta http-equiv="Content-Type" content="text/html;charset=utf-8" />
  <meta name='ocr-system' content='tesseract 3.04.00' />
  <meta name='ocr-capabilities' content='ocr_page ocr_carea ocr_par ocr_line ocrx_word'/>
</head>
<body>
  <div class='ocr_page' id='page_1' title='image "./sexorationumfrag00ciceuoft_0124.png"; bbox 0 0 1971 3263; ppageno 0'>
   <div class='ocr_carea' id='block_1_1' title="bbox 549 297 1419 344">
    <p class='ocr_par' dir='ltr' id='par_1_1' title="bbox 549 297 1419 344">
     <span class='ocr_line' id='line_1_1' title="bbox 549 297 1419 344; baseline -0.001 -11"><span class='ocrx_word' id='word_1_1' title='bbox 549 300 606 344; x_wconf 76' lang='lat'><strong>18</strong></span> <span class='ocrx_word' id='word_1_2' title='bbox 998 299 1054 333; x_wconf 82' lang='lat' dir='ltr'><strong>IN</strong></span> <span class='ocrx_word' id='word_1_3' title='bbox 1091 300 1141 333; x_wconf 63' lang='lat' dir='ltr'><strong>J».</strong></span> <span class='ocrx_word' id='word_1_4' title='bbox 1178 297 1419 334; x_wconf 68' lang='lat' dir='ltr'><strong>cnoan</strong></span> 
     </span>
    </p>
   </div>
   <div class='ocr_carea' id='block_1_2' title="bbox 544 392 1860 459">
    <p class='ocr_par' dir='ltr' id='par_1_2' title="bbox 544 392 1860 459">
     <span class='ocr_line' id='line_1_2' title="bbox 544 392 1860 459; baseline -0.002 -15"><span class='ocrx_word' id='word_1_5' title='bbox 544 397 675 444; x_wconf 89' lang='lat' dir='ltr'><strong>enim</strong></span> <span class='ocrx_word' id='word_1_6' title='bbox 699 393 939 443; x_wconf 83' lang='lat' dir='ltr'><strong>fefellerat</strong></span> <span class='ocrx_word' id='word_1_7' title='bbox 961 409 1075 441; x_wconf 90' lang='lat' dir='ltr'><strong>cum</strong></span> <span class='ocrx_word' id='word_1_8' title='bbox 1096 393 1323 458; x_wconf 89' lang='lat' dir='ltr'><strong>periculo</strong></span> <span class='ocrx_word' id='word_1_9' title='bbox 1342 393 1628 459; x_wconf 84' lang='lat' dir='ltr'>sponsionis</span> <span class='ocrx_word' id='word_1_10' title='bbox 1648 392 1860 441; x_wconf 83' lang='lat' dir='ltr'><strong>adstrin-</strong></span> 
     </span>
    </p>
   </div>
   <div class='ocr_carea' id='block_1_3' title="bbox 543 483 1855 609">
    <p class='ocr_par' dir='ltr' id='par_1_3' title="bbox 543 483 1855 609">
     <span class='ocr_line' id='line_1_3' title="bbox 543 483 757 541; baseline -0.014 -15"><span class='ocrx_word' id='word_1_11' title='bbox 543 483 757 541; x_wconf 83' lang='lat' dir='ltr'><strong>geretur.</strong></span> 
     </span>
     <span class='ocr_line' id='line_1_4' title="bbox 609 559 1855 609; baseline 0 -3"><span class='ocrx_word' id='word_1_12' title='bbox 609 559 777 607; x_wconf 76' lang='lat' dir='ltr'><strong>CUI-Us</strong></span> <span class='ocrx_word' id='word_1_13' title='bbox 813 573 1234 609; x_wconf 79' lang='lat' dir='ltr'>SATISDATIONES</span> <span class='ocrx_word' id='word_1_14' title='bbox 1269 573 1481 608; x_wconf 76' lang='lat' dir='ltr'>SEMPER</span> <span class='ocrx_word' id='word_1_15' title='bbox 1518 574 1855 609; x_wconf 79' lang='lat' dir='ltr'>INDICUNTUR</span> 
     </span>
    </p>
   </div>
   <div class='ocr_carea' id='block_1_4' title="bbox 525 656 1861 2451">
    <p class='ocr_par' dir='ltr' id='par_1_4' title="bbox 544 656 753 691">
     <span class='ocr_line' id='line_1_5' title="bbox 544 656 753 691; baseline 0.01 -2"><span class='ocrx_word' id='word_1_16' title='bbox 544 656 753 691; x_wconf 73' lang='lat' dir='ltr'><strong>munel.</strong></span> 
     </span>
    </p>

    <p class='ocr_par' dir='ltr' id='par_1_5' title="bbox 532 724 1861 1190">
     <span class='ocr_line' id='line_1_6' title="bbox 607 724 1861 789; baseline 0.001 -17"><span class='ocrx_word' id='word_1_17' title='bbox 607 724 976 774; x_wconf 89' lang='lat' dir='ltr'><strong>Satisdationes</strong></span> <span class='ocrx_word' id='word_1_18' title='bbox 1013 726 1139 774; x_wconf 89' lang='lat' dir='ltr'><strong>dicit</strong></span> <span class='ocrx_word' id='word_1_19' title='bbox 1161 725 1377 774; x_wconf 86' lang='lat' dir='ltr'><strong>rescindi</strong></span> <span class='ocrx_word' id='word_1_20' title='bbox 1401 726 1649 775; x_wconf 88' lang='lat' dir='ltr'><strong>sententia</strong></span> <span class='ocrx_word' id='word_1_21' title='bbox 1681 731 1861 789; x_wconf 85' lang='lat' dir='ltr'><strong>praeto-</strong></span> 
     </span>
     <span class='ocr_line' id='line_1_7' title="bbox 538 808 1858 874; baseline -0.002 -17"><span class='ocrx_word' id='word_1_22' title='bbox 538 810 622 858; x_wconf 87' lang='lat' dir='ltr'><strong>ris.</strong></span> <span class='ocrx_word' id='word_1_23' title='bbox 694 809 764 858; x_wconf 93' lang='lat' dir='ltr'><strong>Et</strong></span> <span class='ocrx_word' id='word_1_24' title='bbox 786 810 882 859; x_wconf 90' lang='lat' dir='ltr'><strong>hoc</strong></span> <span class='ocrx_word' id='word_1_25' title='bbox 907 810 954 858; x_wconf 91' lang='lat' dir='ltr'><strong>in</strong></span> <span class='ocrx_word' id='word_1_26' title='bbox 981 810 1094 858; x_wconf 93' lang='lat' dir='ltr'><strong>loco</strong></span> <span class='ocrx_word' id='word_1_27' title='bbox 1116 809 1366 874; x_wconf 84' lang='lat' dir='ltr'><strong>significat</strong></span> <span class='ocrx_word' id='word_1_28' title='bbox 1387 810 1535 866; x_wconf 86' lang='lat' dir='ltr'><strong>viros,</strong></span> <span class='ocrx_word' id='word_1_29' title='bbox 1562 809 1651 873; x_wconf 91' lang='lat' dir='ltr'><strong>qui</strong></span> <span class='ocrx_word' id='word_1_30' title='bbox 1683 808 1858 856; x_wconf 79' lang='lat' dir='ltr'><strong>stulte²</strong></span> 
     </span>
     <span class='ocr_line' id='line_1_8' title="bbox 537 890 1854 956; baseline -0.001 -17"><span class='ocrx_word' id='word_1_31' title='bbox 537 909 630 956; x_wconf 90' lang='lat' dir='ltr'><strong>pro</strong></span> <span class='ocrx_word' id='word_1_32' title='bbox 688 891 871 941; x_wconf 90' lang='lat' dir='ltr'><strong>Clodio</strong></span> <span class='ocrx_word' id='word_1_33' title='bbox 928 900 1193 941; x_wconf 87' lang='lat' dir='ltr'><strong>mutuante</strong></span> <span class='ocrx_word' id='word_1_34' title='bbox 1248 891 1514 956; x_wconf 87' lang='lat' dir='ltr'><strong>pecuniam</strong></span> <span class='ocrx_word' id='word_1_35' title='bbox 1558 890 1854 955; x_wconf 85' lang='lat' dir='ltr'><strong>spondeant,</strong></span> 
     </span>
     <span class='ocr_line' id='line_1_9' title="bbox 537 974 1857 1041; baseline 0 -20"><span class='ocrx_word' id='word_1_36' title='bbox 537 991 652 1022; x_wconf 86' lang='lat' dir='ltr'><strong>cum</strong></span> <span class='ocrx_word' id='word_1_37' title='bbox 688 990 1032 1040; x_wconf 87' lang='lat' dir='ltr'><strong>saepenumero</strong></span> <span class='ocrx_word' id='word_1_38' title='bbox 1055 974 1252 1041; x_wconf 87' lang='lat' dir='ltr'><strong>experti</strong></span> <span class='ocrx_word' id='word_1_39' title='bbox 1287 975 1400 1032; x_wconf 88' lang='lat' dir='ltr'><strong>sint,</strong></span> <span class='ocrx_word' id='word_1_40' title='bbox 1427 974 1615 1023; x_wconf 88' lang='lat' dir='ltr'><strong>multos</strong></span> <span class='ocrx_word' id='word_1_41' title='bbox 1647 989 1857 1038; x_wconf 90' lang='lat' dir='ltr'><strong>sponso-</strong></span> 
     </span>
     <span class='ocr_line' id='line_1_10' title="bbox 537 1055 1856 1115; baseline -0.002 -10"><span class='ocrx_word' id='word_1_42' title='bbox 537 1074 614 1106; x_wconf 87' lang='lat' dir='ltr'><strong>res</strong></span> <span class='ocrx_word' id='word_1_43' title='bbox 649 1059 756 1107; x_wconf 87' lang='lat' dir='ltr'><strong>eius</strong></span> <span class='ocrx_word' id='word_1_44' title='bbox 792 1059 888 1108; x_wconf 90' lang='lat' dir='ltr'><strong>hoc</strong></span> <span class='ocrx_word' id='word_1_45' title='bbox 923 1076 1058 1107; x_wconf 89' lang='lat' dir='ltr'><strong>nexu</strong></span> <span class='ocrx_word' id='word_1_46' title='bbox 1094 1059 1349 1115; x_wconf 89' lang='lat' dir='ltr'><strong>liberatos,</strong></span> <span class='ocrx_word' id='word_1_47' title='bbox 1388 1073 1504 1105; x_wconf 90' lang='lat' dir='ltr'><strong>cum</strong></span> <span class='ocrx_word' id='word_1_48' title='bbox 1535 1055 1614 1106; x_wconf 63' lang='lat' dir='ltr'><strong>seb</strong></span> <span class='ocrx_word' id='word_1_49' title='bbox 1649 1056 1856 1104; x_wconf 88' lang='lat' dir='ltr'><strong>circum-</strong></span> 
     </span>
     <span class='ocr_line' id='line_1_11' title="bbox 532 1141 1400 1190; baseline 0.002 -4"><span class='ocrx_word' id='word_1_50' title='bbox 532 1147 708 1189; x_wconf 86' lang='lat' dir='ltr'><strong>ventos</strong></span> <span class='ocrx_word' id='word_1_51' title='bbox 730 1141 866 1190; x_wconf 88' lang='lat' dir='ltr'><strong>illius</strong></span> <span class='ocrx_word' id='word_1_52' title='bbox 890 1142 1070 1190; x_wconf 84' lang='lat' dir='ltr'><strong>fraude</strong></span> <span class='ocrx_word' id='word_1_53' title='bbox 1094 1141 1400 1190; x_wconf 86' lang='lat' dir='ltr'><strong>docuissent.</strong></span> 
     </span>
    </p>

    <p class='ocr_par' dir='ltr' id='par_1_6' title="bbox 535 1221 1854 1436">
     <span class='ocr_line' id='line_1_12' title="bbox 602 1221 1854 1273; baseline 0 -4"><span class='ocrx_word' id='word_1_54' title='bbox 602 1221 834 1271; x_wconf 79' lang='lat' dir='ltr'>PRIMUM</span> <span class='ocrx_word' id='word_1_55' title='bbox 861 1240 1012 1273; x_wconf 81' lang='lat' dir='ltr'>HOMO</span> <span class='ocrx_word' id='word_1_56' title='bbox 1049 1240 1220 1272; x_wconf 75' lang='lat' dir='ltr'><strong>Dmms</strong></span> <span class='ocrx_word' id='word_1_57' title='bbox 1244 1239 1310 1271; x_wconf 82' lang='lat' dir='ltr'><strong>Ac</strong></span> <span class='ocrx_word' id='word_1_58' title='bbox 1335 1238 1551 1272; x_wconf 77' lang='lat' dir='ltr'><strong>muscus</strong></span> <span class='ocrx_word' id='word_1_59' title='bbox 1589 1237 1854 1271; x_wconf 70' lang='lat' dir='ltr'><strong>mvnc&#39;rus</strong></span> 
     </span>
     <span class='ocr_line' id='line_1_13' title="bbox 536 1305 1851 1356; baseline -0.002 -3"><span class='ocrx_word' id='word_1_60' title='bbox 536 1321 629 1353; x_wconf 83' lang='lat' dir='ltr'><strong>EST</strong></span> <span class='ocrx_word' id='word_1_61' title='bbox 674 1320 733 1354; x_wconf 87' lang='lat' dir='ltr'><strong>IN</strong></span> <span class='ocrx_word' id='word_1_62' title='bbox 777 1320 869 1354; x_wconf 80' lang='lat' dir='ltr'><strong>Eos</strong></span> <span class='ocrx_word' id='word_1_63' title='bbox 911 1321 1003 1356; x_wconf 72' lang='lat'>0151</span> <span class='ocrx_word' id='word_1_64' title='bbox 1053 1321 1234 1353; x_wconf 81' lang='lat' dir='ltr'>MENSE</span> <span class='ocrx_word' id='word_1_65' title='bbox 1274 1321 1462 1355; x_wconf 80' lang='lat' dir='ltr'>APR1L1</span> <span class='ocrx_word' id='word_1_66' title='bbox 1504 1321 1645 1354; x_wconf 74' lang='lat' dir='ltr'>APUT</span> <span class='ocrx_word' id='word_1_67' title='bbox 1681 1305 1851 1353; x_wconf 75' lang='lat' dir='ltr'><strong>BA1As</strong></span> 
     </span>
     <span class='ocr_line' id='line_1_14' title="bbox 535 1381 845 1436; baseline 0.003 -2"><span class='ocrx_word' id='word_1_68' title='bbox 535 1393 759 1436; x_wconf 70' lang='grc' dir='ltr'><strong>ΕεεΕΝΤο</strong></span> <span class='ocrx_word' id='word_1_69' title='bbox 843 1381 845 1383; x_wconf 59' lang='grc'><strong>’</strong></span> 
     </span>
    </p>

    <p class='ocr_par' dir='ltr' id='par_1_7' title="bbox 525 1469 1851 2451">
     <span class='ocr_line' id='line_1_15' title="bbox 599 1469 1849 1520; baseline -0.002 0"><span class='ocrx_word' id='word_1_70' title='bbox 599 1470 931 1520; x_wconf 86' lang='lat' dir='ltr'><strong>Consuetudo</strong></span> <span class='ocrx_word' id='word_1_71' title='bbox 975 1477 1080 1519; x_wconf 87' lang='lat' dir='ltr'><strong>erat</strong></span> <span class='ocrx_word' id='word_1_72' title='bbox 1123 1469 1297 1519; x_wconf 90' lang='lat' dir='ltr'><strong>multis</strong></span> <span class='ocrx_word' id='word_1_73' title='bbox 1342 1469 1547 1520; x_wconf 83' lang='lat' dir='ltr'><strong>ineunte</strong></span> <span class='ocrx_word' id='word_1_74' title='bbox 1588 1486 1739 1519; x_wconf 87' lang='lat' dir='ltr'><strong>verno</strong></span> <span class='ocrx_word' id='word_1_75' title='bbox 1785 1470 1849 1518; x_wconf 89' lang='lat' dir='ltr'><strong>ad</strong></span> 
     </span>
     <span class='ocr_line' id='line_1_16' title="bbox 532 1553 1850 1619; baseline -0.001 -17"><span class='ocrx_word' id='word_1_76' title='bbox 532 1571 781 1618; x_wconf 88' lang='lat' dir='ltr'><strong>aquarum</strong></span> <span class='ocrx_word' id='word_1_77' title='bbox 804 1571 918 1619; x_wconf 84' lang='lat' dir='ltr'><strong>quae</strong></span> <span class='ocrx_word' id='word_1_78' title='bbox 943 1561 1061 1603; x_wconf 86' lang='lat' dir='ltr'><strong>sunt</strong></span> <span class='ocrx_word' id='word_1_79' title='bbox 1081 1555 1131 1602; x_wconf 90' lang='lat' dir='ltr'><strong>in</strong></span> <span class='ocrx_word' id='word_1_80' title='bbox 1169 1553 1449 1618; x_wconf 84' lang='lat' dir='ltr'><strong>Campania</strong></span> <span class='ocrx_word' id='word_1_81' title='bbox 1468 1554 1609 1603; x_wconf 86' lang='lat' dir='ltr'><strong>velut</strong></span> <span class='ocrx_word' id='word_1_82' title='bbox 1629 1555 1850 1602; x_wconf 88' lang='lat' dir='ltr'><strong>fomenta</strong></span> 
     </span>
     <span class='ocr_line' id='line_1_17' title="bbox 530 1635 1851 1703; baseline 0.001 -19"><span class='ocrx_word' id='word_1_83' title='bbox 530 1637 756 1686; x_wconf 83' lang='lat' dir='ltr'><strong>salubria</strong></span> <span class='ocrx_word' id='word_1_84' title='bbox 770 1637 1047 1686; x_wconf 88' lang='lat' dir='ltr'><strong>convenire.</strong></span> <span class='ocrx_word' id='word_1_85' title='bbox 1085 1637 1248 1700; x_wconf 84' lang='lat' dir='ltr'><strong>Igitur</strong></span> <span class='ocrx_word' id='word_1_86' title='bbox 1262 1637 1432 1686; x_wconf 86' lang='lat' dir='ltr'><strong>intulit</strong></span> <span class='ocrx_word' id='word_1_87' title='bbox 1448 1653 1715 1703; x_wconf 86' lang='lat' dir='ltr'><strong>personam</strong></span> <span class='ocrx_word' id='word_1_88' title='bbox 1737 1635 1851 1685; x_wconf 91' lang='lat' dir='ltr'><strong>Clo-</strong></span> 
     </span>
     <span class='ocr_line' id='line_1_18' title="bbox 530 1719 1848 1786; baseline 0.002 -19"><span class='ocrx_word' id='word_1_89' title='bbox 530 1719 599 1768; x_wconf 89' lang='lat' dir='ltr'><strong>dii</strong></span> <span class='ocrx_word' id='word_1_90' title='bbox 623 1721 771 1785; x_wconf 88' lang='lat' dir='ltr'><strong>quasi</strong></span> <span class='ocrx_word' id='word_1_91' title='bbox 805 1721 986 1786; x_wconf 86' lang='lat' dir='ltr'><strong>priscae</strong></span> <span class='ocrx_word' id='word_1_92' title='bbox 1021 1720 1298 1769; x_wconf 85' lang='lat' dir='ltr'><strong>severitatis</strong></span> <span class='ocrx_word' id='word_1_93' title='bbox 1318 1727 1369 1769; x_wconf 90' lang='lat' dir='ltr'><strong>et</strong></span> <span class='ocrx_word' id='word_1_94' title='bbox 1390 1721 1708 1770; x_wconf 69' lang='lat' dir='ltr'><strong>continentiae</strong></span> <span class='ocrx_word' id='word_1_95' title='bbox 1739 1720 1848 1777; x_wconf 85' lang='lat' dir='ltr'><strong>viri,</strong></span> 
     </span>
     <span class='ocr_line' id='line_1_19' title="bbox 530 1802 1850 1870; baseline 0.003 -20"><span class='ocrx_word' id='word_1_96' title='bbox 530 1802 614 1850; x_wconf 90' lang='lat' dir='ltr'><strong>cui</strong></span> <span class='ocrx_word' id='word_1_97' title='bbox 638 1803 942 1868; x_wconf 81' lang='lat' dir='ltr'><strong>displiceant</strong></span> <span class='ocrx_word' id='word_1_98' title='bbox 959 1809 1008 1850; x_wconf 89' lang='lat' dir='ltr'><strong>et</strong></span> <span class='ocrx_word' id='word_1_99' title='bbox 1032 1820 1145 1867; x_wconf 85' lang='lat' dir='ltr'><strong>quae</strong></span> <span class='ocrx_word' id='word_1_100' title='bbox 1170 1820 1270 1852; x_wconf 89' lang='lat' dir='ltr'><strong>non</strong></span> <span class='ocrx_word' id='word_1_101' title='bbox 1295 1805 1358 1852; x_wconf 90' lang='lat' dir='ltr'><strong>ad</strong></span> <span class='ocrx_word' id='word_1_102' title='bbox 1384 1805 1652 1853; x_wconf 88' lang='lat' dir='ltr'><strong>delicatam</strong></span> <span class='ocrx_word' id='word_1_103' title='bbox 1676 1805 1850 1870; x_wconf 87' lang='lat' dir='ltr'><strong>volup-</strong></span> 
     </span>
     <span class='ocr_line' id='line_1_20' title="bbox 528 1886 1847 1952; baseline 0.001 -15"><span class='ocrx_word' id='word_1_104' title='bbox 528 1893 695 1945; x_wconf 86' lang='lat' dir='ltr'><strong>tatem,</strong></span> <span class='ocrx_word' id='word_1_105' title='bbox 717 1887 806 1935; x_wconf 90' lang='lat' dir='ltr'><strong>sed</strong></span> <span class='ocrx_word' id='word_1_106' title='bbox 831 1888 896 1934; x_wconf 88' lang='lat' dir='ltr'><strong>ad</strong></span> <span class='ocrx_word' id='word_1_107' title='bbox 913 1886 1216 1934; x_wconf 90' lang='lat' dir='ltr'><strong>valetudinis</strong></span> <span class='ocrx_word' id='word_1_108' title='bbox 1237 1887 1522 1952; x_wconf 77' lang='lat' dir='ltr'><strong>optinendae</strong></span> <span class='ocrx_word' id='word_1_109' title='bbox 1543 1905 1717 1936; x_wconf 90' lang='lat' dir='ltr'><strong>curam</strong></span> <span class='ocrx_word' id='word_1_110' title='bbox 1740 1890 1847 1938; x_wconf 91' lang='lat' dir='ltr'><strong>fieri</strong></span> 
     </span>
     <span class='ocr_line' id='line_1_21' title="bbox 529 1968 1847 2037; baseline 0.001 -18"><span class='ocrx_word' id='word_1_111' title='bbox 529 1970 737 2027; x_wconf 88' lang='lat' dir='ltr'><strong>soleant,</strong></span> <span class='ocrx_word' id='word_1_112' title='bbox 764 1985 879 2017; x_wconf 88' lang='lat' dir='ltr'><strong>cum</strong></span> <span class='ocrx_word' id='word_1_113' title='bbox 905 1968 969 2016; x_wconf 91' lang='lat' dir='ltr'><strong>sit</strong></span> <span class='ocrx_word' id='word_1_114' title='bbox 991 1969 1099 2033; x_wconf 89' lang='lat' dir='ltr'><strong>ipse</strong></span> <span class='ocrx_word' id='word_1_115' title='bbox 1119 1970 1339 2018; x_wconf 91' lang='lat' dir='ltr'><strong>omnium</strong></span> <span class='ocrx_word' id='word_1_116' title='bbox 1359 1970 1628 2019; x_wconf 91' lang='lat' dir='ltr'><strong>libidinum</strong></span> <span class='ocrx_word' id='word_1_117' title='bbox 1653 1972 1847 2037; x_wconf 87' lang='lat' dir='ltr'><strong>cupidi-</strong></span> 
     </span>
     <span class='ocr_line' id='line_1_22' title="bbox 526 2050 1846 2119; baseline 0.001 -18"><span class='ocrx_word' id='word_1_118' title='bbox 526 2053 716 2101; x_wconf 89' lang='lat' dir='ltr'><strong>tatibus</strong></span> <span class='ocrx_word' id='word_1_119' title='bbox 742 2051 960 2100; x_wconf 87' lang='lat' dir='ltr'><strong>deditus.</strong></span> <span class='ocrx_word' id='word_1_120' title='bbox 1033 2050 1103 2099; x_wconf 79' lang='lat' dir='ltr'><strong>Et</strong></span> <span class='ocrx_word' id='word_1_121' title='bbox 1126 2051 1241 2100; x_wconf 90' lang='lat' dir='ltr'><strong>hinc</strong></span> <span class='ocrx_word' id='word_1_122' title='bbox 1278 2053 1363 2101; x_wconf 92' lang='lat' dir='ltr'><strong>fiet</strong></span> <span class='ocrx_word' id='word_1_123' title='bbox 1384 2054 1573 2116; x_wconf 83' lang='lat' dir='ltr'><strong>gradus</strong></span> <span class='ocrx_word' id='word_1_124' title='bbox 1598 2054 1664 2102; x_wconf 90' lang='lat' dir='ltr'><strong>ad</strong></span> <span class='ocrx_word' id='word_1_125' title='bbox 1684 2053 1846 2119; x_wconf 85' lang='lat' dir='ltr'><strong>ipsius</strong></span> 
     </span>
     <span class='ocr_line' id='line_1_23' title="bbox 529 2135 1849 2200; baseline 0.001 -16"><span class='ocrx_word' id='word_1_126' title='bbox 529 2135 793 2184; x_wconf 86' lang='lat' dir='ltr'><strong>Ciceronis</strong></span> <span class='ocrx_word' id='word_1_127' title='bbox 818 2135 1130 2184; x_wconf 88' lang='lat' dir='ltr'><strong>Puteolanas</strong></span> <span class='ocrx_word' id='word_1_128' title='bbox 1154 2135 1518 2200; x_wconf 89' lang='lat' dir='ltr'><strong>possessiones,</strong></span> <span class='ocrx_word' id='word_1_129' title='bbox 1535 2136 1585 2183; x_wconf 90' lang='lat' dir='ltr'><strong>in</strong></span> <span class='ocrx_word' id='word_1_130' title='bbox 1612 2153 1742 2200; x_wconf 90' lang='lat' dir='ltr'><strong>quas</strong></span> <span class='ocrx_word' id='word_1_131' title='bbox 1765 2137 1849 2185; x_wconf 86' lang='lat' dir='ltr'><strong>de-</strong></span> 
     </span>
     <span class='ocr_line' id='line_1_24' title="bbox 526 2218 1845 2283; baseline 0.001 -16"><span class='ocrx_word' id='word_1_132' title='bbox 526 2226 718 2268; x_wconf 86' lang='lat' dir='ltr'><strong>vertere</strong></span> <span class='ocrx_word' id='word_1_133' title='bbox 727 2220 791 2268; x_wconf 90' lang='lat' dir='ltr'><strong>ad</strong></span> <span class='ocrx_word' id='word_1_134' title='bbox 803 2219 1230 2268; x_wconf 87' lang='lat' dir='ltr'><strong>oblectamentum</strong></span> <span class='ocrx_word' id='word_1_135' title='bbox 1243 2219 1453 2268; x_wconf 89' lang='lat' dir='ltr'><strong>solebat.</strong></span> <span class='ocrx_word' id='word_1_136' title='bbox 1480 2218 1717 2267; x_wconf 87' lang='lat' dir='ltr'><strong>Removit</strong></span> <span class='ocrx_word' id='word_1_137' title='bbox 1725 2235 1845 2283; x_wconf 78' lang='lat' dir='ltr'><strong>ergo</strong></span> 
     </span>
     <span class='ocr_line' id='line_1_25' title="bbox 525 2301 1846 2368; baseline 0 -18"><span class='ocrx_word' id='word_1_138' title='bbox 525 2303 875 2367; x_wconf 89' lang='lat' dir='ltr'><strong>inpudentiam</strong></span> <span class='ocrx_word' id='word_1_139' title='bbox 900 2303 1311 2368; x_wconf 86' lang='lat' dir='ltr'><strong>reprehendentis</strong></span> <span class='ocrx_word' id='word_1_140' title='bbox 1336 2320 1366 2350; x_wconf 91' lang='lat' dir='ltr'><strong>a</strong></span> <span class='ocrx_word' id='word_1_141' title='bbox 1388 2302 1613 2350; x_wconf 88' lang='lat' dir='ltr'><strong>moribus</strong></span> <span class='ocrx_word' id='word_1_142' title='bbox 1637 2301 1758 2359; x_wconf 88' lang='lat' dir='ltr'><strong>suis,</strong></span> <span class='ocrx_word' id='word_1_143' title='bbox 1783 2319 1846 2350; x_wconf 87' lang='lat' dir='ltr'><strong>ne</strong></span> 
     </span>
     <span class='ocr_line' id='line_1_26' title="bbox 525 2381 1809 2451; baseline -0.001 -18"><span class='ocrx_word' id='word_1_144' title='bbox 525 2386 603 2434; x_wconf 88' lang='lat' dir='ltr'><strong>vel</strong></span> <span class='ocrx_word' id='word_1_145' title='bbox 628 2386 881 2451; x_wconf 86' lang='lat' dir='ltr'><strong>superbus</strong></span> <span class='ocrx_word' id='word_1_146' title='bbox 904 2386 981 2434; x_wconf 86' lang='lat' dir='ltr'><strong>vel</strong></span> <span class='ocrx_word' id='word_1_147' title='bbox 1005 2386 1213 2435; x_wconf 88' lang='lat' dir='ltr'><strong>nimium</strong></span> <span class='ocrx_word' id='word_1_148' title='bbox 1236 2381 1518 2434; x_wconf 82' lang='lat' dir='ltr'><strong>delicatusd</strong></span> <span class='ocrx_word' id='word_1_149' title='bbox 1549 2383 1809 2432; x_wconf 89' lang='lat' dir='ltr'><strong>habeatur.</strong></span> 
     </span>
    </p>
   </div>
   <div class='ocr_carea' id='block_1_5' title="bbox 572 2575 1717 2628">
    <p class='ocr_par' dir='ltr' id='par_1_8' title="bbox 572 2575 1717 2628">
     <span class='ocr_line' id='line_1_27' title="bbox 572 2575 1717 2628; baseline -0.001 -15.964"><span class='ocrx_word' id='word_1_150' title='bbox 572 2579 702 2613; x_wconf 88' lang='lat' dir='ltr'><strong>²Cod.</strong></span> <span class='ocrx_word' id='word_1_151' title='bbox 724 2578 825 2614; x_wconf 79' lang='lat' dir='ltr'><strong>stulte</strong></span> <span class='ocrx_word' id='word_1_152' title='bbox 840 2579 977 2628; x_wconf 73' lang='lat' dir='ltr'><strong>timerm</strong></span> <span class='ocrx_word' id='word_1_153' title='bbox 981 2584 1007 2611; x_wconf 79' lang='lat' dir='ltr'><strong>t.</strong></span> <span class='ocrx_word' id='word_1_154' title='bbox 1056 2578 1126 2613; x_wconf 88' lang='lat' dir='ltr'><strong>Sed</strong></span> <span class='ocrx_word' id='word_1_155' title='bbox 1142 2578 1297 2612; x_wconf 73' lang='lat' dir='ltr'><strong>timerent</strong></span> <span class='ocrx_word' id='word_1_156' title='bbox 1312 2577 1453 2611; x_wconf 83' lang='lat' dir='ltr'><strong>videtur</strong></span> <span class='ocrx_word' id='word_1_157' title='bbox 1467 2575 1717 2611; x_wconf 82' lang='lat' dir='ltr'><strong>omittendum.</strong></span> 
     </span>
    </p>
   </div>
   <div class='ocr_carea' id='block_1_6' title="bbox 525 2625 1840 2845">
    <p class='ocr_par' dir='ltr' id='par_1_9' title="bbox 525 2625 1840 2845">
     <span class='ocr_line' id='line_1_28' title="bbox 571 2625 1840 2722; baseline -0.002 -17"><span class='ocrx_word' id='word_1_158' title='bbox 571 2625 586 2646; x_wconf 79' lang='lat'><strong>²³</strong></span> <span class='ocrx_word' id='word_1_159' title='bbox 571 2626 864 2717; x_wconf 55' lang='lat' dir='ltr'><strong>cgggolgzepist,</strong></span> <span class='ocrx_word' id='word_1_160' title='bbox 880 2682 961 2708; x_wconf 75' lang='lat' dir='ltr'><strong>xvi.</strong></span> <span class='ocrx_word' id='word_1_161' title='bbox 986 2671 1046 2706; x_wconf 89' lang='lat' dir='ltr'><strong>lib.</strong></span> <span class='ocrx_word' id='word_1_162' title='bbox 1062 2680 1087 2706; x_wconf 90' lang='lat'><strong>1.</strong></span> <span class='ocrx_word' id='word_1_163' title='bbox 1105 2670 1161 2705; x_wconf 92' lang='lat' dir='ltr'><strong>ad.</strong></span> <span class='ocrx_word' id='word_1_164' title='bbox 1187 2670 1265 2706; x_wconf 71' lang='lat' dir='ltr'><strong>Ati.</strong></span> <span class='ocrx_word' id='word_1_165' title='bbox 1328 2669 1488 2714; x_wconf 85' lang='lat' dir='ltr'><strong>“Surgit</strong></span> <span class='ocrx_word' id='word_1_166' title='bbox 1510 2669 1708 2722; x_wconf 75' lang='lat' dir='ltr'><strong>pulchellus</strong></span> <span class='ocrx_word' id='word_1_167' title='bbox 1732 2679 1840 2713; x_wconf 81' lang='lat' dir='ltr'><strong>puer:</strong></span> 
     </span>
     <span class='ocr_line' id='line_1_29' title="bbox 525 2715 1840 2781; baseline -0.002 -30"><span class='ocrx_word' id='word_1_168' title='bbox 525 2717 547 2735; x_wconf 69' lang='lat'><strong>‘⁵</strong></span> <span class='ocrx_word' id='word_1_169' title='bbox 570 2718 693 2752; x_wconf 88' lang='lat' dir='ltr'><strong>obiicit</strong></span> <span class='ocrx_word' id='word_1_170' title='bbox 706 2718 803 2759; x_wconf 83' lang='lat' dir='ltr'><strong>mihi,</strong></span> <span class='ocrx_word' id='word_1_171' title='bbox 819 2729 878 2752; x_wconf 89' lang='lat' dir='ltr'><strong>me</strong></span> <span class='ocrx_word' id='word_1_172' title='bbox 895 2719 940 2756; x_wconf 84' lang='lat' dir='ltr'><strong>ad</strong></span> <span class='ocrx_word' id='word_1_173' title='bbox 957 2718 1065 2754; x_wconf 83' lang='lat' dir='ltr'><strong>Baias</strong></span> <span class='ocrx_word' id='word_1_174' title='bbox 1079 2717 1197 2752; x_wconf 82' lang='lat' dir='ltr'><strong>fuisse.</strong></span> <span class='ocrx_word' id='word_1_175' title='bbox 1228 2716 1394 2752; x_wconf 76' lang='lat' dir='ltr'><strong>Falsum:</strong></span> <span class='ocrx_word' id='word_1_176' title='bbox 1428 2715 1492 2750; x_wconf 84' lang='lat' dir='ltr'><strong>sed</strong></span> <span class='ocrx_word' id='word_1_177' title='bbox 1509 2720 1628 2752; x_wconf 82' lang='lat' dir='ltr'><strong>tamen</strong></span> <span class='ocrx_word' id='word_1_178' title='bbox 1647 2715 1732 2761; x_wconf 81' lang='lat' dir='ltr'><strong>qnid</strong></span> <span class='ocrx_word' id='word_1_179' title='bbox 1747 2715 1835 2781; x_wconf 75' lang='lat' dir='ltr'><strong>hoe.</strong></span> <span class='ocrx_word' id='word_1_180' title='bbox 1829 2717 1840 2737; x_wconf 74' lang='lat'>’</span> 
     </span>
     <span class='ocr_line' id='line_1_30' title="bbox 525 2758 1547 2845; baseline -0.001 -48"><span class='ocrx_word' id='word_1_181' title='bbox 525 2768 546 2781; x_wconf 70' lang='lat'><strong>⁸⁸</strong></span> <span class='ocrx_word' id='word_1_182' title='bbox 571 2764 700 2845; x_wconf 48' lang='grc' dir='ltr'>θὸιὲιὲιὲ</span> <span class='ocrx_word' id='word_1_183' title='bbox 709 2765 948 2845; x_wconf 39' lang='lat' dir='ltr'><strong>edsssbzffiuam,</strong></span> <span class='ocrx_word' id='word_1_184' title='bbox 938 2765 1067 2811; x_wconf 82' lang='lat' dir='ltr'><strong>,quasi</strong></span> <span class='ocrx_word' id='word_1_185' title='bbox 1082 2763 1207 2799; x_wconf 80' lang='lat' dir='ltr'><strong>dicas·</strong></span> <span class='ocrx_word' id='word_1_186' title='bbox 1196 2774 1235 2799; x_wconf 84' lang='lat' dir='ltr'><strong>m</strong></span> <span class='ocrx_word' id='word_1_187' title='bbox 1251 2763 1387 2808; x_wconf 81' lang='lat' dir='ltr'><strong>Operto</strong></span> <span class='ocrx_word' id='word_1_188' title='bbox 1403 2758 1547 2798; x_wconf 59' lang='lat' dir='ltr'><strong>fu&#39;issel‘</strong></span> 
     </span>
    </p>
   </div>
  </div>
 </body>
</html>
