1971 3263
614 260 683 297 ET
719 259 1008 296 cummmu
1393 261 1453 305 15

215 359 459 407 SYR1AM¹
504 371 613 404 s1131
666 373 764 406 Nos
814 373 992 406 EXTRA
1048 370 1300 405 ORDINEM
1336 371 1456 404 POL-

150 456 348 490 LICERI.

214 524 456 572 Diximus
487 524 535 571 in
578 522 932 587 Argumentoss'
965 540 1054 588 per
1092 522 1224 571 illud
1261 529 1458 586 tempus

149 606 384 656 Clodium
405 606 560 655 fuisse
582 613 897 670 quaestorem.
948 606 1161 670 Opimas
1181 605 1329 668 igitur
1341 621 1455 670 pro-

144 690 330 738 vincias
347 690 610 755 cupiditati
634 706 736 737 suae
758 688 1049 737 blandiente
1072 689 1199 737 dicit
1220 689 1270 736 in
1295 689 1460 738 animo

145 772 412 822 habuisse:
449 772 593 836 quasi
615 773 710 820 hoc
750 773 814 820 ab
859 778 1036 820 senatu
1058 771 1303 835 consequi
1345 788 1459 835 pos·

145 862 234 913 set,
271 856 408 919 quod
430 855 536 919 ipse
553 855 839 919 rapinarum
858 854 1183 903 meditatione
1202 853 1422 918 gestiret.

209 937 613 986 CREDITORIBUS
657 952 768 985 stus
805 952 946 986 SPEM
989 953 1307 987 OSTENTARE
1344 952 1463 986 PRO-

147 1035 346 1069 VINCIAE
374 1034 696 1068 VIDERETUR.

209 1101 281 1151 Et
303 1103 688 1152 defaeneratum⁰
722 1103 819 1150 hac
837 1102 889 1150 in
911 1111 1054 1167 parte
1072 1102 1336 1166 significat.

209 1189 445 1235 AUGENT
469 1202 704 1234 MAGNUM
743 1201 1003 1236 QUENDAM
1038 1202 1299 1235 CUMULUM
1323 1201 1457 1234 AERIS

148 1284 359 1318 ALIENI.

216 1351 370 1406 Quod
404 1369 504 1400 non
542 1357 730 1416 posset,
786 1351 881 1400 nisi
926 1354 1146 1401 omnium
1183 1352 1462 1417 provincia-

151 1451 263 1483 rum
289 1435 584 1499 spoliatione
608 1434 829 1483 dissolvi.

215 1517 494 1566 INGEMUIT
528 1532 763 1565 GRAvms
799 1532 1059 1565 T1MID10R
1096 1533 1306 1568 QUIDAM
1348 1533 1466 1566 CRE-

150 1615 331 1648 DITOR.

215 1680 297 1729 Ne
342 1682 597 1745 quaesieris
641 1681 745 1730 eius
784 1698 1066 1746 personam,
1141 1683 1206 1730 de
1248 1699 1350 1745 quo
1399 1683 1465 1730 vi·

150 1764 296 1813 detur
338 1765 436 1813 hoc
478 1765 660 1814 dicere.
731 1764 867 1813 Nam
903 1764 1174 1828 generatim
1215 1764 1370 1827 fingit,
1410 1772 1466 1813 ut

150 1848 430 1911 desperatio
447 1848 671 1912 pecuniae
688 1849 1044 1911 recuperandae
1071 1847 1465 1895 consternaverit

151 1930 416 1978 creditores
460 1931 584 1989 eius,
636 1935 916 1979 metuentes
951 1930 1146 1979 scilicet
1183 1930 1465 1978 revertendi

149 2012 450 2062 tarditatem.

1070 1681 1089 1704 d

197 2217 212 2233 ²
236 2212 383 2247 Clodius
399 2212 552 2246 Gabinio
569 2213 704 2255 Syriam
721 2211 867 2245 tandem
881 2210 1074 2254 regendam
1091 2210 1199 2251 dedit,
1215 2212 1403 2254 postquam
1420 2220 1463 2244 eo

150 2259 305 2294 Consule
321 2260 528 2293 Ciceronem
546 2259 681 2303 pepulit
696 2260 732 2292 iu
752 2258 910 2291 exilium.
928 2256 974 2290 V.
1002 2257 1069 2290 Pro
1085 2257 1203 2290 Domo
1219 2268 1284 2290 sua
1297 2267 1401 2291 xxw.
1430 2263 1463 2290 et

149 2307 190 2340 de
202 2307 399 2340 Prot-ivwiz‘s
412 2305 545 2339 Consul.
568 2318 634 2350 pro
648 2306 776 2344 Sextia
793 2311 890 2349 atque
903 2305 939 2337 in
954 2304 1118 2338 Pisonem
1133 2303 1275 2347 passim.
1293 2303 1462 2348 Denique

150 2353 328 2387 Plutarch.
345 2353 381 2385 in
397 2352 564 2386 Cicerone.

197 2398 213 2420 ὓ
236 2399 401 2433 Solemne
427 2405 482 2432 est
506 2396 663 2432 Asconio
689 2396 727 2430 in
743 2396 1007 2430 Commentario
1035 2406 1226 2440 provocare
1254 2395 1298 2430 ad
1323 2406 1366 2429 ea
1380 2406 1461 2440 quae

151 2445 244 2480 dixit
256 2446 294 2479 in
310 2447 533 2489 Argumento
550 2443 739 2478 Orationis.
787 2444 845 2476 Sic
859 2443 943 2477 facit
959 2443 1005 2476 ad
1029 2444 1128 2477 Orat.
1146 2454 1213 2489 pro
1228 2441 1312 2476 Mil.
1326 2454 1360 2486 p.
1382 2445 1460 2483 194,

154 2494 327 2527 195.198.
351 2495 431 2526 202.
480 2492 537 2525 Sic
563 2491 671 2535 igitur
686 2493 723 2523 et
746 2494 867 2524 noster
894 2489 1073 2534 Interpres
1102 2488 1162 2523 hic
1189 2492 1226 2523 et
1250 2488 1396 2523 inferius
1413 2487 1460 2522 ad

153 2538 252 2573 Orat.
261 2550 328 2584 pro
344 2538 502 2580 Plancio,
527 2549 561 2571 n.
577 2541 633 2571 36.

199 2589 213 2605 ⁰
238 2585 377 2630 Nempe
382 2584 573 2630 foenoribus
587 2583 791 2617 exhaustum.

199 2630 214 2651 ‘¹
238 2631 350 2665 Simili
364 2642 505 2675 prorsus
522 2631 628 2664 modo
645 2634 682 2663 et
693 2629 870 2663 locutione
883 2628 996 2663 utitur
1016 2628 1194 2663 Asconius
1209 2626 1254 2661 ad
1271 2627 1352 2661 Act.
1364 2626 1394 2662 I.
1420 2626 1458 2660 in

152 2675 238 2710 Ver.
253 2688 287 2721 p.
300 2681 356 2712 50.
374 2678 526 2712 Dixerat
537 2677 662 2711 Cicero
679 2678 700 2693 “
712 2677 745 2710 A
757 2675 913 2720 quodam
926 2677 1097 2710 Senatore
1113 2675 1159 2708 ad
1174 2675 1329 2718 equitem
1345 2674 1454 2707 rom.''

153 2723 421 2758 Commentatur
450 2724 648 2758 Asconius:
673 2724 695 2740 ‘⁶
709 2723 850 2756 Horum
873 2722 1018 2756 nomina
1041 2721 1187 2766 quidam
1211 2720 1331 2765 inepte
1356 2730 1455 2764 quae-

154 2771 175 2786 ‘·
188 2774 290 2804 runt:
316 2771 415 2814 quasi
430 2774 565 2804 certum
583 2770 628 2803 sit
644 2769 741 2813 quod
756 2769 896 2812 dicitur,
913 2772 949 2802 et
965 2779 1037 2804 non
1053 2768 1097 2802 de
1117 2767 1288 2801 industria
1304 2767 1457 2811 fingatur

153 2817 174 2833 ‘⁴
191 2826 212 2849 a
225 2816 344 2851 Tullio
361 2817 406 2851 ad
420 2817 591 2851 invidiam
618 2815 926 2851 adversariorum.''
