1918 3254
457 278 519 327 48
954 272 1037 314 DE
1073 280 1211 314 REGE

457 381 594 445 quod
648 379 940 443 plerumque
992 376 1269 440 cogitatura
1325 377 1474 425 etiam
1527 393 1643 426 cum
1693 375 1765 423 in-

457 463 707 529 probitate
732 462 1021 525 deposcere.

522 548 629 601 QUI
668 561 735 591 Ex
774 559 1124 591 HEREDITATE
1175 558 1356 590 TANTA
1394 559 1548 590 UNUM
1587 557 1762 591 SOLUM

460 627 682 677 NOMEN*
717 642 1126 675 AGNOVERIMUS.

524 711 638 760 Cito
678 710 848 774 rapuit
885 727 976 775 pro
1016 727 1069 758 se
1112 714 1466 773 argumentum,
1513 708 1767 756 indicasse

457 794 834 859 quodammodo
871 831 881 841 .
921 831 931 841 .
969 830 981 842 .
1018 831 1028 841 .

611 916 620 925 .
656 883 671 901 ⁶
726 883 786 924 ut
824 875 1011 924 bellum
1059 876 1333 938 gerendum
1378 888 1488 924 esse
1530 878 1768 931 censeret,

458 961 544 1026 qui
567 960 869 1009 mentionem
893 959 1118 1023 pecuniae
1142 956 1363 1007 fecerat.‘¹

526 1045 619 1093 S1c
657 1059 752 1091 EST
790 1057 947 1090 IUSTA
984 1057 1149 1089 CAUSA
1189 1056 1367 1097 BELLI,
1406 1055 1582 1087 SICUTI
1609 1039 1774 1088 CRAS-

461 1139 548 1176 sUs
585 1140 1025 1175 COMMEMORAVIT
1062 1140 1171 1172 CUM
1209 1123 1495 1172 IuGcRTHA
1533 1129 1750 1171 Fmssss.e

526 1209 856 1258 Notissimum
879 1215 956 1256 est
981 1207 1202 1271 Micipsa
1224 1221 1340 1267 rege
1369 1203 1623 1252 Numidiae
1645 1219 1774 1251 mor-

458 1301 563 1350 tuo,
606 1291 845 1340 trifariam
884 1291 1011 1338 inter
1047 1286 1378 1337 Atherbalem
1419 1292 1470 1333 et
1509 1284 1775 1349 Hiempsa-

459 1377 559 1424 lem
582 1381 632 1422 et
655 1374 955 1437 Iugurtham
991 1388 1200 1435 regnum
1231 1385 1343 1418 esse
1373 1368 1605 1426 divisum,
1640 1384 1770 1432 quos

460 1462 628 1505 tamen
668 1456 798 1503 duos
837 1455 946 1518 ipse
981 1453 1230 1517 Iugurtha
1264 1451 1447 1517 partim
1486 1452 1549 1510 vi,
1590 1450 1772 1515 partim

458 1555 575 1588 vero
598 1537 794 1586 insidiis
816 1536 1079 1586 interfecit.
1129 1535 1256 1585 Haec
1276 1535 1349 1583 illi
1367 1534 1462 1582 fuit
1485 1550 1638 1582 causa
1655 1550 1777 1597 prae-

461 1621 612 1686 cipua
649 1620 841 1668 bellum
879 1618 1082 1682 gerendi
1122 1618 1363 1666 adversus
1400 1615 1657 1680 Populum
1693 1613 1775 1664 .R.

463 1704 566 1759 Qui
605 1710 769 1751 tamen
816 1708 933 1766 post
970 1701 1155 1750 multos
1194 1700 1521 1764 imperatores
1560 1698 1776 1762 graviter

463 1786 715 1842 adflictos,
747 1785 813 1833 ad
846 1790 1124 1832 extremum
1160 1782 1235 1833 .C.
1273 1781 1440 1830 Mario
1477 1781 1774 1846 imperatore

462 1874 727 1933 superatus
753 1873 845 1915 est.

531 1951 656 2000 NoN
689 1967 889 1999 PATIAR
923 1966 1069 1999 HANc
1099 1963 1365 1998 EXAUDIRI
1396 1963 1576 1997 VOCEM
1610 1961 1795 1995 HUIUS·

464 2049 719 2082 IMPERII:
758 2032 876 2081 Eoo
901 2049 968 2080 TE
993 2048 1105 2080 NISI
1132 2047 1230 2079 DAs
1255 2047 1497 2089 ALIQU1D‚
1535 2045 1792 2089 HOSTEM3-

509 2240 524 2255 ²
548 2236 655 2270 Forte
671 2235 920 2279 corrigendum
937 2238 991 2269 est
1006 2240 1158 2281 cogatur.

509 2281 523 2302 ¹³
548 2283 692 2317 Nomen
716 2282 782 2316 hoc
800 2283 877 2326 loeo
892 2285 945 2315 est
961 2288 1059 2328 capnt
1081 2281 1262 2315 rationum.
1308 2280 1409 2315 Dicit
1426 2279 1573 2314 Cicero:
1602 2288 1647 2313 ex
1664 2278 1777 2312 haere-

461 2329 572 2363 ditate
587 2329 715 2373 integri
729 2329 828 2372 regni
844 2339 924 2362 eam
947 2339 1057 2362 unam
1073 2328 1264 2372 pecuniam
1279 2327 1515 2372 percepimus,
1539 2336 1621 2370 quae
1639 2324 1683 2358 de
1699 2325 1777 2358 the·

463 2386 566 2409 sauro
595 2375 792 2409 Alexandri
822 2375 952 2408 mortui
983 2375 1138 2408 Romam
1167 2374 1262 2418 Tyro
1292 2374 1441 2408 advecta
1471 2375 1535 2406 est.
1605 2371 1775 2415 Regnum

463 2422 595 2466 quippe
614 2422 767 2456 Romani
784 2422 1017 2465 permiserant
1031 2421 1185 2455 Auletae.

509 2473 521 2488 Ε
547 2470 641 2503 Puto
655 2467 713 2502 hic
730 2479 806 2502 esse
823 2469 1000 2502 lacunam.
1049 2468 1156 2501 Certe
1172 2470 1227 2500 est
1241 2467 1383 2500 initium
1399 2464 1490 2499 alius
1504 2463 1587 2498 folii.

508 2514 523 2535 ‘¹
549 2515 715 2559 Suspicor
745 2515 813 2548 hoc
844 2515 952 2548 etiam
981 2514 1116 2547 dietum
1143 2513 1310 2546 adversus
1335 2513 1502 2547 Crassum
1529 2509 1776 2544 avarissimum

461 2561 652 2595 hominem.
701 2562 806 2595 Certe
822 2561 851 2594 is
866 2561 1000 2595 bellum
1016 2570 1156 2604 quoque
1170 2559 1380 2604 parthicum,
1397 2569 1469 2591 una
1483 2556 1646 2601 pecuniae
1665 2555 1776 2589 axidi-

460 2612 546 2649 tate,
562 2608 681 2641 invitis
696 2609 781 2652 ipsis
799 2607 981 2649 Romanis,
1007 2607 1141 2640 nullam
1167 2616 1311 2639 causam
1336 2604 1579 2649 praebentibus
1595 2601 1777 2643 Barbaris,

460 2654 636 2697 suscepit:
662 2659 702 2688 ut
717 2655 915 2688 luculenter
934 2656 1108 2687 testantur
1126 2652 1348 2690 Plutarchus,
1369 2651 1566 2695 Appianas,
1583 2651 1619 2683 et
1635 2649 1718 2682 Dio.

513 2705 527 2720 Ε
549 2700 662 2734 Recte
680 2701 805 2734 Cicero
823 2701 858 2734 in
875 2701 995 2734 Causa
1009 2700 1101 2743 regis
1118 2698 1315 2737 Ptolcmaei,
1340 2697 1402 2741 qui
1426 2696 1671 2740 largitionibus
1696 2704 1774 2727 scn-

460 2747 592 2780 tentias
615 2750 818 2780 senatorum
843 2747 997 2789 emebat,
1027 2746 1191 2780 meminit
1215 2748 1252 2779 ct
1275 2743 1461 2788 Iugurthae
1488 2743 1549 2788 qui
1571 2742 1665 2777 idem
1691 2740 1774 2775 olim

461 2792 605 2837 fecerat,
622 2797 661 2827 ut
678 2794 800 2827 scribit
815 2793 1016 2828 Sallustius.
1360 2805 1364 2808 ·
