1918 3254
753 319 840 363 137

523 535 1055 582 ADDITAMENTA.

193 885 260 928 ΙΝ
308 883 456 927 Codice
494 885 753 927 ambrosiano
790 883 864 934 (F.
900 881 969 923 49.
1002 889 1117 938 part.
1156 886 1271 940 sup.)
1314 897 1437 927 mem-

137 959 287 999 braneo
306 957 450 998 saeculi
467 971 569 999 XII.
592 959 666 1013 qui
682 957 857 999 continet
876 955 1032 997 Libros
1051 962 1130 997 tres
1154 954 1363 998 Ciceronis
1383 955 1437 998 de

136 1029 318 1083 Officiis,
344 1037 397 1082 et,
416 1031 594 1085 exceptis
610 1031 905 1084 palimpsestis,
938 1036 998 1070 est
1033 1028 1323 1071 Tullianorum
1352 1042 1438 1070 om-

133 1104 246 1144 nium
274 1109 370 1158 post
399 1100 448 1144 C.
477 1102 545 1142 29.
577 1103 900 1157 antiquissimus,
932 1103 1178 1156 deprehendi
1207 1103 1263 1143 ad
1289 1102 1439 1143 calcem

132 1175 443 1231 Argumentum
473 1176 675 1232 quoddam
705 1174 918 1226 ineditum,
950 1175 1062 1229 quod
1086 1176 1230 1227 sciam,
1258 1176 1441 1216 eiusdem

139 1248 295 1303 Operis
315 1247 368 1288 de
390 1247 568 1288 Officiis.
631 1247 844 1302 Scriptum
864 1248 939 1288 hoc
959 1249 1048 1288 sine
1069 1249 1191 1289 dubio
1210 1247 1353 1303 aliqua
1371 1260 1438 1288 ve·

135 1323 297 1367 tustatis
323 1321 443 1361 laude
471 1320 699 1361 donandum
719 1325 793 1370 est,
815 1321 925 1374 quod
945 1320 995 1359 ab
1016 1321 1107 1374 ipsa
1138 1318 1299 1361 Codicis
1319 1326 1440 1362 oetate

133 1394 439 1447 comprobatur.
510 1390 678 1432 Veteres
711 1397 848 1432 autem
871 1389 1196 1433 Commentarios
1214 1393 1257 1432 in
1287 1391 1443 1433 Officia

138 1463 347 1507 Ciceronis
364 1465 571 1505 exstitisse
589 1461 852 1518 Gasparinus
872 1463 1102 1506 Barzizius
1121 1466 1163 1505 in
1181 1463 1375 1519 Epistola
1388 1464 1446 1506 ad

131 1537 364 1581 Antonium
395 1535 688 1577 fontanellam
717 1538 831 1577 testis
862 1543 934 1578 est.
1006 1537 1077 1579 Sic
1107 1539 1216 1579 enim
1252 1538 1442 1579 sc·ribit.·⁸

136 1611 165 1635 “
188 1609 295 1651 Rem
317 1609 603 1665 gratissimam
626 1608 729 1649 olim
753 1608 855 1649 mihi
879 1609 1066 1663 fecisses,
1095 1610 1130 1651 si
1150 1610 1249 1651 illos
1270 1614 1441 1652 veteres

135 1681 480 1724 Commentarios
501 1681 544 1722 in
566 1681 716 1723 Officia
736 1681 961 1723 Ciceronis
981 1681 1167 1722 misisses
1185 1681 1240 1722 ad
1260 1680 1373 1722 me.''

190 1754 289 1798 Iam
318 1769 412 1796 vero
431 1755 549 1795 stilus
569 1755 690 1796 huius
709 1754 979 1810 Argumenti,
1001 1754 1123 1810 longe
1143 1755 1256 1795 abest
1275 1768 1300 1794 a
1318 1768 1440 1810 supe·

135 1829 293 1869 riorum
335 1827 595 1868 Scholiorum
643 1833 683 1868 et
725 1827 776 1867 ab
815 1827 991 1869 Asconii
1025 1827 1232 1882 elegantia
1248 1844 1260 1867 .·
1309 1842 1443 1883 neque

135 1901 322 1956 equidem
341 1900 407 1958 vel
426 1902 562 1954 probo
591 1901 665 1941 hoc
686 1899 911 1956 Scriptum,
932 1899 998 1940 vel
1019 1901 1184 1941 omnino
1211 1900 1441 1954 edidissem,

134 1974 218 2015 nisi
236 1973 340 2013 mihi
363 1973 419 2012 ad
434 1977 662 2012 ceterorum
682 1986 773 2027 quae
800 1974 910 2013 edidi
941 1972 1132 2027 Operum
1159 1975 1444 2028 praestantiam

134 2047 358 2088 evidentius
380 2045 734 2085 demonstrandam
764 2044 864 2085 utile
890 2051 1006 2084 esset.
1067 2045 1171 2086 Hoc
1190 2060 1291 2101 ergo
1319 2048 1445 2108 sitjn

136 2120 239 2161 libro
260 2133 347 2159 meo
368 2124 576 2173 tamquam
598 2117 755 2158 umbroe
777 2118 818 2157 in
841 2117 1035 2171 picturis.
1099 2115 1289 2158 Ceterum
1308 2107 1444 2173 getius

135 2192 258 2232 huius
282 2190 439 2245 Scripti
459 2191 564 2230 idem
578 2191 677 2243 sere
696 2189 858 2229 videtur
876 2194 1000 2243 atque
1020 2189 1107 2228 eius
1132 2190 1298 2244 antiqui
1317 2189 1444 2231 Scho-

136 2264 283 2316 liastiS,
303 2265 376 2318 qui
393 2264 449 2303 ad
465 2263 695 2317 complures
721 2260 854 2303 Tullii
875 2259 1097 2302 Orationes
1115 2261 1156 2300 in
1175 2259 1445 2304 Editionibus

138 2343 288 2378 exstat.
351 2335 431 2376 Est
458 2351 561 2391 ergo
578 2338 716 2391 soetus
736 2335 913 2376 alicuius
931 2335 1084 2374 eruditi
1101 2335 1183 2374 viri
1204 2347 1258 2375 ex
1277 2341 1350 2388 tot,
1370 2337 1446 2391 qui

138 2410 397 2451 inclinatiore
427 2411 549 2450 eliam
580 2424 665 2450 oeto
690 2407 930 2450 Ciceronem
950 2407 1273 2449 illustraverunt.
1337 2407 1444 2450 Cha·

139 2488 343 2524 racterum
364 2483 487 2523 huius
507 2496 667 2537 quoque
686 2481 849 2524 Codicis
871 2482 944 2532 (F.
965 2479 1035 2523 42.
1051 2487 1164 2536 part.
1181 2485 1295 2536 sup.)
1310 2472 1444 2536 'speciss

138 2569 230 2595 men
250 2556 372 2597 habes
394 2557 434 2595 in
454 2555 563 2596 calce
582 2555 721 2597 Libri.

187 2737 201 2752 ²
226 2732 373 2778 Operum
398 2735 467 2768 eius
486 2747 519 2779 p.
548 2738 622 2768 190.
671 2735 880 2780 Gasparinm
903 2742 1012 2769 autem
1028 2734 1220 2769 Barzz'ziioe
1242 2734 1444 2780 Bergomu.

142 2778 392 2813 Grammaticus
407 2787 440 2814 et
461 2780 595 2814 Rhetor
611 2781 840 2816 celeberrimus
853 2781 977 2826 floruit
1000 2782 1131 2815 inemzke
1153 2781 1272 2815 soeculo
1287 2781 1329 2815 X
1335 2781 1372 2815 V.
1390 2780 1447 2813 clo-

141 2825 268 2871 em'tque
285 2826 320 2859 in
335 2825 448 2862 multis
461 2826 575 2862 Italica
590 2827 734 2872 urbibm,
751 2834 781 2861 et
795 2829 985 2874 proesertim
1005 2827 1202 2862 [Mediolani.
