1971 3263
460 251 566 299 xxii
913 268 1119 300 PRAEVIA
1155 270 1314 303 OPERI

525 384 569 424 7.
607 376 693 423 Ad
718 375 858 422 Orat.
896 377 1081 424 editam
1097 395 1193 440 pro
1219 379 1410 428 Milone
1437 395 1544 443 cap.
1574 395 1621 428 v.
1648 379 1766 427 scri-

456 474 530 520 bit
553 473 836 521 Asconius:
878 482 905 499 “
943 475 1080 523 Illud
1104 494 1192 524 vos
1228 479 1507 526 meminisse
1538 496 1638 527 non
1675 479 1767 525 du-

457 578 485 596 “
511 571 628 626 bito,
652 588 740 635 per
761 571 822 625 Q.
844 572 1051 621 Fusium
1072 578 1182 639 (seu
1208 575 1429 638 Fufium)
1450 579 1535 625 illo
1560 594 1764 640 quoque

456 675 485 693 “
509 674 747 730 tempore,
778 686 878 731 quo
903 672 965 717 de
990 672 1184 721 incestu
1211 673 1270 720 P.
1297 673 1464 721 Clodii
1488 683 1653 722 actum
1673 681 1763 731 est,

455 773 483 792 “
508 768 712 822 factum,
756 784 816 815 ne
850 786 878 815 a
917 780 1089 817 senatu
1119 772 1342 835 asperius
1376 772 1768 819 decerneretur.’'

455 865 570 919 Quo
592 866 703 914 loco
724 867 918 915 videtur
935 868 1188 918 Asconius
1208 886 1483 933 provocare
1493 870 1557 917 ad
1577 886 1636 916 ea
1651 886 1766 932 quae

454 965 590 1012 dicta
615 974 728 1013 sunt
751 967 800 1014 in
823 968 1136 1030 Argumento
1163 968 1420 1015 Orationis
1456 970 1508 1015 in
1541 966 1765 1015 Clodium

451 1071 496 1110 et
521 1063 778 1112 Curionem
805 1065 1055 1113 Editionis
1081 1074 1261 1113 nostrae
1285 1083 1334 1129 p.
1366 1071 1439 1113 11.

517 1170 562 1211 8.
601 1164 658 1210 In
682 1163 1049 1212 Commentario
1070 1166 1204 1211 edito
1221 1165 1284 1212 ad
1305 1165 1446 1211 Orat.
1462 1181 1553 1227 pro
1574 1164 1765 1213 Milone

451 1279 562 1325 cap.
590 1279 769 1310 XXXII.
796 1264 864 1310 ait
889 1263 1142 1310 Asconius
1167 1269 1342 1325 putare
1375 1280 1426 1309 se
1450 1262 1547 1309 iam
1585 1262 1766 1324 signifi-

449 1376 591 1408 casse
616 1361 788 1423 legem‚
828 1378 981 1422 quam
1022 1361 1234 1408 Clodius
1270 1362 1396 1408 ferre
1430 1369 1767 1425 proposuerat

449 1459 513 1507 de
536 1459 769 1520 suffragio
789 1459 1150 1506 libertinorum.
1207 1459 1313 1507 Iam
1334 1477 1449 1508 vero
1468 1477 1528 1508 ea
1545 1461 1763 1510 narratio

446 1575 697 1620 nusquam
725 1558 917 1605 occurit
940 1558 989 1605 in
1026 1558 1250 1606 Asconio
1288 1559 1440 1614 edito,
1477 1559 1661 1622 legitur
1682 1577 1765 1608 au-

446 1661 546 1703 tem
572 1658 707 1720 apud
731 1664 956 1703 nostrum
984 1656 1307 1718 Interpretem
1334 1658 1399 1703 ad
1427 1658 1568 1705 Orat.
1591 1661 1648 1707 de
1671 1677 1763 1707 oere

446 1755 602 1802 alieno
624 1755 832 1803 stIe'lom's
855 1773 903 1819 p.
930 1762 1008 1804 39.
1034 1755 1190 1803 videri
1216 1755 1446 1805 Clodium
1474 1774 1582 1805 eam
1600 1757 1762 1820 legem

445 1853 601 1902 fuisse
623 1855 858 1903 laturum.

510 1959 556 2000 9.
594 1953 720 2001 Item
740 1955 787 2001 in
810 1955 1182 2004 Commentario
1201 1957 1337 2005 edito
1357 1958 1420 2005 ad
1442 1957 1582 2005 Orat.
1600 1960 1652 2005 in
1668 1958 1760 2006 Pa·-

444 2070 543 2100 son.
569 2069 680 2116 cap.
709 2070 759 2102 x.
786 2054 957 2101 scribit
982 2055 1237 2102 Asconius
1262 2074 1314 2103 se
1338 2056 1434 2103 iam
1465 2057 1668 2115 dixisse,
1697 2058 1757 2106 L.

445 2152 672 2199 Lamiam
712 2170 739 2199 a
776 2153 991 2201 Gabinio
1026 2154 1245 2202 Consule
1278 2155 1446 2203 edicto
1484 2156 1759 2218 relegatum

444 2268 569 2299 esse.
642 2252 703 2299 Id
728 2263 894 2300 autem
915 2270 1069 2315 quum
1088 2255 1267 2300 frustra
1290 2254 1571 2317 quaesireris
1591 2254 1641 2305 in
1662 2254 1758 2302 As-

444 2351 587 2399 conio
604 2352 753 2408 edito,
777 2360 1009 2400 occurret
1029 2353 1117 2399 tibi
1143 2355 1280 2417 apud
1300 2354 1624 2416 Interpretem
1646 2370 1755 2401 nos-

441 2456 574 2498 trum
598 2452 661 2498 ad
686 2451 827 2499 Orat.
844 2469 942 2514 pro
967 2452 1181 2499 Plancio
1205 2470 1253 2516 p.
1289 2458 1392 2500 115.

510 2556 584 2598 10.
623 2550 954 2599 Incommoda
978 2551 1101 2615 ipsa,
1141 2551 1325 2614 quibus
1345 2559 1450 2599 tum
1476 2553 1637 2600 editus
1658 2553 1755 2601 As-

441 2649 632 2706 conius,
672 2658 779 2697 tum
801 2650 1055 2714 Interpres
1082 2658 1250 2698 noster
1271 2650 1489 2697 ineditus
1506 2650 1748 2708 laborant,

439 2748 664 2798 eiusdem
702 2750 896 2811 generis
939 2757 1069 2799 sunt.
1142 2749 1371 2818 Uterque
1410 2750 1540 2803 enim
1578 2751 1753 2803 iniuria
