1918 3254
221 876 317 928 Edit.

408 279 500 323 104
872 270 972 316 PRO
1012 281 1248 316 PLANCIO.

468 379 586 428 Hoc
605 379 688 434 ait,
715 378 871 440 magis
888 379 1084 426 laetatus
1109 396 1220 427 sum
1243 379 1498 444 ignorasse
1519 380 1705 430 multos

400 479 464 511 ex
501 479 604 526 qua
641 462 896 525 provincia
930 463 1162 520 venirem,
1205 471 1378 527 quam³
1413 465 1455 513 si
1491 463 1706 513 venienti

399 545 518 594 mihi
552 543 938 608 gratularentur.
1010 545 1353 609 Perstringere
1382 547 1513 595 enim
1546 547 1708 596 voluit

396 627 633 675 invidiam
658 627 944 691 praesidum,
972 627 1059 692 qui
1084 628 1311 691 spoliatis
1343 629 1613 692 provinciis
1636 647 1708 678 re-

393 716 676 758 vertantur:
714 728 772 759 ac
795 717 1059 775 propterea
1081 728 1167 759 eos
1192 710 1339 758 amici
1363 712 1440 759 sui
1467 729 1583 759 cum
1602 729 1708 775 gra-

393 794 636 844 tulatione
662 794 954 858 suscipiant,
977 795 1118 857 quod
1138 793 1318 842 divites
1340 794 1605 842 evenerint.

459 879 661 927 EADEM
700 894 905 934 IGITUR,
942 877 1117 934 CASSI,
1153 893 1246 925 VIA
1285 892 1498 925 MUNITA
1536 876 1707 926 LATE-

394 979 553 1011 RENSI
599 978 708 1019 EST,
753 977 890 1009 IDEM
930 976 1183 1008 VIRTUTIS
1230 976 1423 1008 CURSUS
1472 976 1543 1007 AD
1580 976 1706 1008 GLO-

391 1063 558 1094 RIAIII:
597 1062 701 1094 Hoc
725 1060 975 1092 FACILIOR
997 1059 1275 1100 FORTASSE,
1303 1059 1442 1092 QUOD
1469 1058 1572 1091 Eoo
1594 1058 1699 1091 Huc

388 1146 421 1178 A
459 1146 535 1177 ME
572 1144 739 1177 oRTUS
778 1144 845 1174 ET
881 1142 983 1174 PER
1021 1142 1096 1173 ME
1135 1141 1300 1173 NIXUS
1337 1140 1586 1174 ASCENDI.

453 1211 592 1260 Nota
626 1210 1042 1274 gratificationem
1074 1208 1338 1255 molestam
1368 1214 1419 1253 et
1450 1223 1568 1254 cum
1602 1223 1703 1254 ma-

383 1296 492 1359 gnis
517 1293 866 1342 amaritudinis
890 1291 1077 1339 aculeis
1100 1290 1458 1353 interpositam.
1507 1289 1699 1338 Dicens

382 1395 603 1441 namque
637 1393 736 1424 non
785 1374 928 1422 aliter
963 1375 1029 1421 ad
1079 1374 1292 1420 honores
1345 1372 1698 1436 adipiscendos

380 1468 742 1527 perventurum
778 1474 888 1505 esse
912 1455 1252 1513 Laterensem,
1286 1455 1462 1518 quemb
1494 1455 1696 1504 Tullius

378 1547 487 1610 ipse
524 1583 534 1592 .
573 1583 583 1592 .
619 1550 634 1566 ⁰
672 1581 681 1591 .
719 1543 782 1589 de
820 1580 831 1589 .
870 1578 879 1588 .
920 1578 928 1587 .
968 1538 1242 1587 Subiunxit
1277 1538 1606 1595 testificando,
1640 1555 1695 1586 se

375 1645 478 1677 non
501 1626 695 1690 generis
721 1623 976 1672 nobilitate
999 1623 1087 1670 sed
1112 1622 1288 1669 virtute
1320 1622 1386 1669 ad
1411 1621 1571 1668 omnis
1595 1637 1695 1669 ma-

373 1713 614 1777 gistratus
639 1707 936 1773 pervenisse.
1006 1704 1330 1752 Laterensem
1354 1704 1450 1751 hoc
1475 1704 1690 1767 amplius

374 1793 650 1843 adiumenti
671 1791 972 1844 habiturum,
993 1788 1134 1851 quod
1159 1787 1317 1835 nobili
1341 1786 1526 1834 familia
1549 1794 1691 1835 ortus

323 1881 328 1886 ‘
373 1880 426 1928 in
451 1877 716 1927 candidam
736 1872 912 1920 veniat.
986 1870 1092 1918 Sibi
1117 1886 1234 1932 ergo
1262 1869 1571 1916 adiudicavit
1589 1886 1689 1917 non

372 1957 660 2010 laenociniad
705 1955 900 2020 generis
947 1954 1037 2000 sed
1081 1951 1421 2016 praestantiam
1459 1952 1686 2000 virtutis:

370 2045 443 2094 illi
468 2060 584 2091 vero
609 2057 748 2105 spem
771 2040 835 2086 de
860 2035 1137 2085 Maioribus
1164 2034 1320 2091 dedit,
1346 2035 1488 2098 quod
1514 2035 1688 2082 suffra-

371 2129 510 2193 gium
534 2125 721 2174 scimus
747 2138 854 2169 esse
875 2121 1101 2167 fortunae.

438 2213 754 2267 QUAMQUAM
793 2216 1092 2252 DISSIMILIS
1132 2215 1226 2248 EST
1271 2206 1546 2247 ΡΕοωκἯῈε
1597 2215 1686 2248 DE-

373 2310 525 2346 BITIO
563 2308 630 2341 ET
667 2303 894 2338 GRATIAE.

436 2377 449 2402 f
647 2373 797 2422 Nunc
847 2368 1135 2433 adgreditur
1170 2384 1282 2431 quae
1333 2365 1595 2430 proficient
1634 2370 1683 2412 et

366 2506 1674 2531 ..-.-..-.---—-——-————-——-—-——--

412 2618 427 2634 ⁸
451 2611 619 2656 Supplevi
633 2620 743 2656 quam.

412 2659 426 2681 ¹³
451 2659 575 2692 Codex
591 2669 697 2702 quem,
715 2654 777 2687 sed
793 2653 933 2686 videtur
947 2648 1193 2692 corrigendum
1210 2656 1319 2692 quam.

411 2712 424 2727 ς
450 2705 572 2748 Spatia
588 2714 703 2736 vacua
718 2702 755 2734 in
771 2700 914 2734 Codice.

410 2752 425 2774 ‘¹
452 2752 510 2786 Sic
527 2749 710 2784 lmzocinia.
1645 2779 1652 2785 ·

409 2804 422 2819 ⁹
447 2797 536 2832 Cod.
578 2804 769 2834 FORTUNAE,
804 2791 867 2826 sed
900 2788 1148 2832 corrigendum
1183 2785 1249 2820 suit
1286 2790 1466 2823 PECUNJAE,
1502 2791 1585 2814 nam
1627 2789 1676 2813 Sic

362 2846 496 2881 habent
514 2842 606 2877 Edd.
624 2844 661 2874 et
677 2841 726 2874 sic
743 2839 829 2883 leg-it
844 2836 989 2871 inferius
1006 2838 1125 2868 noster
1138 2834 1335 2882 Interprcs..

409 2891 419 2912 ¹
442 2889 614 2936 Spatium,
630 2890 707 2921 tum
724 2884 883 2930 sequitur
897 2882 965 2930 qui,
980 2881 1077 2926 quod
1093 2890 1160 2924 ego
1177 2883 1312 2912 mutavi
1327 2886 1365 2910 m
1381 2886 1475 2909 nunc.
