<?xml version="1.0" encoding="UTF-8"?>
<!DOCTYPE html PUBLIC "-//W3C//DTD XHTML 1.0 Transitional//EN"
    "http://www.w3.org/TR/xhtml1/DTD/xhtml1-transitional.dtd">
<html xmlns="http://www.w3.org/1999/xhtml" xml:lang="en" lang="en">
 <head>
  <title>
</title>
<meta http-equiv="Content-Type" content="text/html;charset=utf-8" />
  <meta name='ocr-system' content='tesseract 3.04.00' />
  <meta name='ocr-capabilities' content='ocr_page ocr_carea ocr_par ocr_line ocrx_word'/>
</head>
<body>
  <div class='ocr_page' id='page_1' title='image "./sexorationumfrag00ciceuoft_0259.png"; bbox 0 0 1840 3245; ppageno 0'>
   <div class='ocr_carea' id='block_1_1' title="bbox 662 334 750 379">
    <p class='ocr_par' dir='ltr' id='par_1_1' title="bbox 662 334 750 379">
     <span class='ocr_line' id='line_1_1' title="bbox 662 334 750 379; baseline 0.023 -2"><span class='ocrx_word' id='word_1_1' title='bbox 662 334 750 379; x_wconf 81' lang='lat'><strong>151</strong></span> 
     </span>
    </p>
   </div>
   <div class='ocr_carea' id='block_1_2' title="bbox 108 441 1355 568">
    <p class='ocr_par' dir='ltr' id='par_1_2' title="bbox 108 441 1355 568">
     <span class='ocr_line' id='line_1_2' title="bbox 108 441 1355 487; baseline -0.005 0"><span class='ocrx_word' id='word_1_2' title='bbox 108 447 337 487; x_wconf 79' lang='lat' dir='ltr'><strong>candidatos</strong></span> <span class='ocrx_word' id='word_1_3' title='bbox 364 459 442 485; x_wconf 78' lang='lat' dir='ltr'><strong>non</strong></span> <span class='ocrx_word' id='word_1_4' title='bbox 462 450 583 484; x_wconf 85' lang='lat' dir='ltr'><strong>vestes</strong></span> <span class='ocrx_word' id='word_1_5' title='bbox 601 449 748 483; x_wconf 88' lang='lat' dir='ltr'><strong>tantum</strong></span> <span class='ocrx_word' id='word_1_6' title='bbox 769 442 837 484; x_wconf 86' lang='lat' dir='ltr'><strong>sed</strong></span> <span class='ocrx_word' id='word_1_7' title='bbox 865 449 907 483; x_wconf 87' lang='lat' dir='ltr'><strong>et</strong></span> <span class='ocrx_word' id='word_1_8' title='bbox 923 441 1113 484; x_wconf 86' lang='lat' dir='ltr'>cervicem</span> <span class='ocrx_word' id='word_1_9' title='bbox 1131 447 1237 482; x_wconf 78' lang='lat' dir='ltr'><strong>creta</strong></span> <span class='ocrx_word' id='word_1_10' title='bbox 1253 441 1355 482; x_wconf 81' lang='lat' dir='ltr'>oble-</span> 
     </span>
     <span class='ocr_line' id='line_1_3' title="bbox 110 515 729 568; baseline -0.005 -12"><span class='ocrx_word' id='word_1_11' title='bbox 110 519 223 563; x_wconf 84' lang='lat' dir='ltr'>visse,</span> <span class='ocrx_word' id='word_1_12' title='bbox 243 517 375 568; x_wconf 82' lang='lat' dir='ltr'><strong>ecquis</strong></span> <span class='ocrx_word' id='word_1_13' title='bbox 394 515 549 555; x_wconf 82' lang='lat' dir='ltr'>tandem</span> <span class='ocrx_word' id='word_1_14' title='bbox 568 515 729 554; x_wconf 62' lang='lat' dir='ltr'>credat?</span> 
     </span>
    </p>
   </div>
   <div class='ocr_carea' id='block_1_3' title="bbox 56 599 1360 794">
    <p class='ocr_par' dir='ltr' id='par_1_3' title="bbox 56 599 1360 794">
     <span class='ocr_line' id='line_1_4' title="bbox 56 599 1359 653; baseline -0.001 -14"><span class='ocrx_word' id='word_1_15' title='bbox 56 602 100 640; x_wconf 79' lang='lat' dir='ltr'><strong>P.</strong></span> <span class='ocrx_word' id='word_1_16' title='bbox 121 606 211 648; x_wconf 81' lang='lat'><strong>133,</strong></span> <span class='ocrx_word' id='word_1_17' title='bbox 241 606 304 641; x_wconf 88' lang='lat'><strong>12.</strong></span> <span class='ocrx_word' id='word_1_18' title='bbox 321 603 385 641; x_wconf 88' lang='lat' dir='ltr'><strong>Sic</strong></span> <span class='ocrx_word' id='word_1_19' title='bbox 404 602 466 641; x_wconf 89' lang='lat' dir='ltr'><strong>ed.</strong></span> <span class='ocrx_word' id='word_1_20' title='bbox 487 601 649 641; x_wconf 87' lang='lat' dir='ltr'>Mediol.</span> <span class='ocrx_word' id='word_1_21' title='bbox 668 615 869 653; x_wconf 81' lang='lat' dir='ltr'>operarum</span> <span class='ocrx_word' id='word_1_22' title='bbox 891 600 989 640; x_wconf 84' lang='lat' dir='ltr'><strong>forte</strong></span> <span class='ocrx_word' id='word_1_23' title='bbox 1005 600 1162 640; x_wconf 78' lang='lat' dir='ltr'>incuria.</span> <span class='ocrx_word' id='word_1_24' title='bbox 1191 599 1359 651; x_wconf 80' lang='lat' dir='ltr'><strong>Scripse-</strong></span> 
     </span>
     <span class='ocr_line' id='line_1_5' title="bbox 106 671 1360 723; baseline 0 -14"><span class='ocrx_word' id='word_1_25' title='bbox 106 677 167 709; x_wconf 81' lang='lat' dir='ltr'><strong>rat</strong></span> <span class='ocrx_word' id='word_1_26' title='bbox 184 671 376 723; x_wconf 86' lang='lat' dir='ltr'>librarius,</span> <span class='ocrx_word' id='word_1_27' title='bbox 405 672 536 710; x_wconf 78' lang='lat' dir='ltr'><strong>saltem</strong></span> <span class='ocrx_word' id='word_1_28' title='bbox 553 671 720 710; x_wconf 87' lang='lat' dir='ltr'><strong>scribere</strong></span> <span class='ocrx_word' id='word_1_29' title='bbox 738 672 872 719; x_wconf 87' lang='lat' dir='ltr'><strong>voluit,</strong></span> <span class='ocrx_word' id='word_1_30' title='bbox 902 671 1165 723; x_wconf 81' lang='lat' dir='ltr'><em>condempnat.</em></span> <span class='ocrx_word' id='word_1_31' title='bbox 1192 676 1284 710; x_wconf 84' lang='lat' dir='ltr'><strong>nota</strong></span> <span class='ocrx_word' id='word_1_32' title='bbox 1301 682 1360 709; x_wconf 83' lang='lat' dir='ltr'><strong>re-</strong></span> 
     </span>
     <span class='ocr_line' id='line_1_6' title="bbox 105 741 959 794; baseline 0.001 -15"><span class='ocrx_word' id='word_1_33' title='bbox 105 741 315 781; x_wconf 82' lang='lat' dir='ltr'><strong>centiorem</strong></span> <span class='ocrx_word' id='word_1_34' title='bbox 332 741 448 793; x_wconf 87' lang='lat' dir='ltr'>hujus</span> <span class='ocrx_word' id='word_1_35' title='bbox 464 742 612 781; x_wconf 86' lang='lat' dir='ltr'>codicis</span> <span class='ocrx_word' id='word_1_36' title='bbox 632 742 959 794; x_wconf 69' lang='lat' dir='ltr'><strong>orthographiam.</strong></span> 
     </span>
    </p>
   </div>
   <div class='ocr_carea' id='block_1_4' title="bbox 107 1293 263 1299">
    <p class='ocr_par' dir='ltr' id='par_1_4' title="bbox 107 1293 263 1299">
     <span class='ocr_line' id='line_1_7' title="bbox 107 1293 263 1299; baseline 0 0"><span class='ocrx_word' id='word_1_37' title='bbox 107 1293 263 1299; x_wconf 95' lang='lat' dir='ltr'><strong> </strong></span> 
     </span>
    </p>
   </div>
   <div class='ocr_carea' id='block_1_5' title="bbox 106 1110 1309 1603">
    <p class='ocr_par' dir='ltr' id='par_1_5' title="bbox 106 1110 1309 1603">
     <span class='ocr_line' id='line_1_8' title="bbox 545 1110 872 1139; baseline 0.003 -1"><span class='ocrx_word' id='word_1_38' title='bbox 545 1110 872 1139; x_wconf 77' lang='lat' dir='ltr'><strong>CORRIGENDA.</strong></span> 
     </span>
     <span class='ocr_line' id='line_1_9' title="bbox 108 1200 1281 1253; baseline 0.003 -15"><span class='ocrx_word' id='word_1_39' title='bbox 108 1200 185 1239; x_wconf 88' lang='lat' dir='ltr'><strong>Pro</strong></span> <span class='ocrx_word' id='word_1_40' title='bbox 205 1201 348 1238; x_wconf 83' lang='lat' dir='ltr'>Scauro</span> <span class='ocrx_word' id='word_1_41' title='bbox 357 1220 554 1233; x_wconf 87' lang='lat'><strong>········</strong></span> <span class='ocrx_word' id='word_1_42' title='bbox 562 1215 603 1253; x_wconf 89' lang='lat' dir='ltr'><strong>p.</strong></span> <span class='ocrx_word' id='word_1_43' title='bbox 649 1209 690 1253; x_wconf 87' lang='grc'><strong>9,</strong></span> <span class='ocrx_word' id='word_1_44' title='bbox 718 1208 757 1243; x_wconf 86' lang='grc'><strong>6.</strong></span> <span class='ocrx_word' id='word_1_45' title='bbox 812 1202 968 1241; x_wconf 84' lang='lat' dir='ltr'><strong><em>Fratem</em></strong></span> <span class='ocrx_word' id='word_1_46' title='bbox 989 1224 1000 1234; x_wconf 92' lang='lat'><strong>·</strong></span> <span class='ocrx_word' id='word_1_47' title='bbox 1015 1223 1025 1234; x_wconf 90' lang='lat'><strong>·</strong></span> <span class='ocrx_word' id='word_1_48' title='bbox 1041 1223 1052 1234; x_wconf 91' lang='lat'><strong>·</strong></span> <span class='ocrx_word' id='word_1_49' title='bbox 1069 1202 1281 1242; x_wconf 80' lang='lat' dir='ltr'><strong><em>·Fratrem.</em></strong></span> 
     </span>
     <span class='ocr_line' id='line_1_10' title="bbox 267 1273 1271 1323; baseline 0.004 -17"><span class='ocrx_word' id='word_1_50' title='bbox 267 1292 345 1299; x_wconf 85' lang='lat'><strong>—--</strong></span> <span class='ocrx_word' id='word_1_51' title='bbox 353 1291 549 1303; x_wconf 83' lang='lat'><strong>········</strong></span> <span class='ocrx_word' id='word_1_52' title='bbox 623 1276 689 1323; x_wconf 85' lang='lat'><strong>17,</strong></span> <span class='ocrx_word' id='word_1_53' title='bbox 718 1277 755 1311; x_wconf 92' lang='lat'><strong>6.</strong></span> <span class='ocrx_word' id='word_1_54' title='bbox 810 1273 997 1310; x_wconf 80' lang='lat' dir='ltr'><strong><em>vivorum·</em></strong></span> <span class='ocrx_word' id='word_1_55' title='bbox 1013 1293 1023 1304; x_wconf 90' lang='lat'><strong>·</strong></span> <span class='ocrx_word' id='word_1_56' title='bbox 1039 1293 1050 1304; x_wconf 87' lang='lat'><strong>·</strong></span> <span class='ocrx_word' id='word_1_57' title='bbox 1066 1273 1271 1311; x_wconf 60' lang='lat' dir='ltr'><strong><em>mirorum.</em></strong></span> 
     </span>
     <span class='ocr_line' id='line_1_11' title="bbox 108 1339 1309 1393; baseline 0.002 -15"><span class='ocrx_word' id='word_1_58' title='bbox 108 1339 184 1378; x_wconf 86' lang='lat' dir='ltr'><strong>Pro</strong></span> <span class='ocrx_word' id='word_1_59' title='bbox 202 1340 348 1378; x_wconf 88' lang='lat' dir='ltr'>Flacco</span> <span class='ocrx_word' id='word_1_60' title='bbox 357 1361 554 1372; x_wconf 88' lang='lat'><strong>········</strong></span> <span class='ocrx_word' id='word_1_61' title='bbox 627 1346 691 1388; x_wconf 87' lang='lat'><strong>33,</strong></span> <span class='ocrx_word' id='word_1_62' title='bbox 721 1347 784 1380; x_wconf 85' lang='lat'><strong>15.</strong></span> <span class='ocrx_word' id='word_1_63' title='bbox 812 1341 1023 1393; x_wconf 83' lang='lat' dir='ltr'><strong><em>defendunt</em></strong></span> <span class='ocrx_word' id='word_1_64' title='bbox 1041 1363 1052 1373; x_wconf 89' lang='lat'><strong>·</strong></span> <span class='ocrx_word' id='word_1_65' title='bbox 1069 1341 1309 1393; x_wconf 59' lang='lat' dir='ltr'><strong><em>deffendant.</em></strong></span> 
     </span>
     <span class='ocr_line' id='line_1_12' title="bbox 108 1409 1283 1451; baseline 0.001 -4"><span class='ocrx_word' id='word_1_66' title='bbox 108 1409 337 1448; x_wconf 84' lang='lat' dir='ltr'>Dissertatio</span> <span class='ocrx_word' id='word_1_67' title='bbox 359 1431 553 1442; x_wconf 88' lang='lat'><strong>········</strong></span> <span class='ocrx_word' id='word_1_68' title='bbox 647 1425 682 1449; x_wconf 87' lang='lat' dir='ltr'><strong>v.</strong></span> <span class='ocrx_word' id='word_1_69' title='bbox 703 1417 784 1451; x_wconf 88' lang='lat' dir='ltr'><strong>not.</strong></span> <span class='ocrx_word' id='word_1_70' title='bbox 813 1411 878 1450; x_wconf 83' lang='lat' dir='ltr'><strong>del</strong></span> <span class='ocrx_word' id='word_1_71' title='bbox 890 1413 1018 1449; x_wconf 83' lang='lat' dir='ltr'><strong><em>atina·</em></strong></span> <span class='ocrx_word' id='word_1_72' title='bbox 1035 1432 1044 1442; x_wconf 92' lang='lat'><strong>·</strong></span> <span class='ocrx_word' id='word_1_73' title='bbox 1061 1411 1126 1449; x_wconf 90' lang='lat' dir='ltr'><strong>·de</strong></span> <span class='ocrx_word' id='word_1_74' title='bbox 1143 1411 1283 1449; x_wconf 85' lang='lat' dir='ltr'><strong><em>latina.</em></strong></span> 
     </span>
     <span class='ocr_line' id='line_1_13' title="bbox 106 1478 1302 1534; baseline 0.003 -18"><span class='ocrx_word' id='word_1_75' title='bbox 106 1478 276 1517; x_wconf 83' lang='lat' dir='ltr'>Editoris</span> <span class='ocrx_word' id='word_1_76' title='bbox 296 1480 482 1518; x_wconf 86' lang='lat' dir='ltr'><strong>monitum</strong></span> <span class='ocrx_word' id='word_1_77' title='bbox 515 1501 525 1512; x_wconf 69' lang='grc' dir='ltr'><strong>ο</strong></span> <span class='ocrx_word' id='word_1_78' title='bbox 542 1501 552 1511; x_wconf 89' lang='lat'><em>·</em></span> <span class='ocrx_word' id='word_1_79' title='bbox 640 1487 679 1527; x_wconf 84' lang='grc'><strong>3,</strong></span> <span class='ocrx_word' id='word_1_80' title='bbox 813 1482 989 1534; x_wconf 78' lang='grc' dir='ltr'>ὁμτρικῶς</span> <span class='ocrx_word' id='word_1_81' title='bbox 1010 1502 1020 1512; x_wconf 88' lang='lat'><strong>·</strong></span> <span class='ocrx_word' id='word_1_82' title='bbox 1036 1502 1047 1511; x_wconf 91' lang='lat'><strong>·</strong></span> <span class='ocrx_word' id='word_1_83' title='bbox 1062 1480 1302 1532; x_wconf 79' lang='grc' dir='ltr'>·Ὁμηρικῶς.</span> 
     </span>
     <span class='ocr_line' id='line_1_14' title="bbox 107 1548 1272 1603; baseline 0.005 -19"><span class='ocrx_word' id='word_1_84' title='bbox 107 1548 166 1585; x_wconf 86' lang='lat' dir='ltr'><strong>De</strong></span> <span class='ocrx_word' id='word_1_85' title='bbox 184 1549 289 1599; x_wconf 79' lang='lat' dir='ltr'>Rege</span> <span class='ocrx_word' id='word_1_86' title='bbox 309 1550 523 1588; x_wconf 80' lang='lat' dir='ltr'><strong>Alexandr·</strong></span> <span class='ocrx_word' id='word_1_87' title='bbox 540 1571 550 1582; x_wconf 88' lang='lat'><strong>·</strong></span> <span class='ocrx_word' id='word_1_88' title='bbox 611 1555 676 1597; x_wconf 87' lang='lat'><strong>49,</strong></span> <span class='ocrx_word' id='word_1_89' title='bbox 705 1556 744 1590; x_wconf 87' lang='lat'><strong>5.</strong></span> <span class='ocrx_word' id='word_1_90' title='bbox 803 1551 962 1603; x_wconf 81' lang='lat' dir='ltr'><em>quadem</em></span> <span class='ocrx_word' id='word_1_91' title='bbox 970 1572 1085 1583; x_wconf 85' lang='lat'><strong>·····</strong></span> <span class='ocrx_word' id='word_1_92' title='bbox 1094 1552 1272 1602; x_wconf 82' lang='lat' dir='ltr'><em>quadam.</em></span> 
     </span>
    </p>
   </div>
   <div class='ocr_carea' id='block_1_6' title="bbox 106 1616 1282 1672">
    <p class='ocr_par' dir='ltr' id='par_1_6' title="bbox 106 1616 1282 1672">
     <span class='ocr_line' id='line_1_15' title="bbox 106 1616 1282 1672; baseline 0.006 -18"><span class='ocrx_word' id='word_1_93' title='bbox 106 1616 182 1655; x_wconf 70' lang='lat' dir='ltr'><strong>Pro</strong></span> <span class='ocrx_word' id='word_1_94' title='bbox 202 1618 343 1657; x_wconf 76' lang='lat' dir='ltr'>Archia</span> <span class='ocrx_word' id='word_1_95' title='bbox 354 1640 550 1652; x_wconf 62' lang='lat'><strong>········</strong></span> <span class='ocrx_word' id='word_1_96' title='bbox 611 1625 675 1667; x_wconf 73' lang='lat'><strong>62,</strong></span> <span class='ocrx_word' id='word_1_97' title='bbox 703 1625 742 1660; x_wconf 89' lang='grc'><strong>6.</strong></span> <span class='ocrx_word' id='word_1_98' title='bbox 800 1620 1000 1672; x_wconf 76' lang='lat' dir='ltr'><strong>quindam·</strong></span> <span class='ocrx_word' id='word_1_99' title='bbox 1016 1642 1026 1653; x_wconf 86' lang='lat'><strong>·</strong></span> <span class='ocrx_word' id='word_1_100' title='bbox 1042 1643 1053 1653; x_wconf 89' lang='lat'><strong>·</strong></span> <span class='ocrx_word' id='word_1_101' title='bbox 1069 1644 1077 1653; x_wconf 91' lang='lat'><strong>·</strong></span> <span class='ocrx_word' id='word_1_102' title='bbox 1088 1621 1282 1672; x_wconf 83' lang='lat' dir='ltr'><em>quiddam.</em></span> 
     </span>
    </p>
   </div>
  </div>
 </body>
</html>
