1918 3254
440 265 501 309 72
947 265 1049 299 PRo
1083 264 1262 300 sYLLA.

431 392 434 395 ·
504 362 867 412 Cumulaturus
903 360 1140 408 invidiam
1170 360 1458 424 Torquatus
1493 362 1542 411 iu
1578 379 1744 428 perso-

434 462 550 493 nam
578 444 669 492 M.
689 442 862 500 Tullii,
891 449 940 490 et
970 443 1065 492 hoc
1098 443 1323 491 dixerat:
1359 447 1580 508 quodam
1603 446 1746 495 illum

435 527 615 592 spiritu
638 526 778 573 velut
795 526 942 588 regiae
962 527 1227 590 potestatis
1252 544 1540 591 exposcere,
1563 536 1619 577 ut
1639 529 1748 592 Syl-

435 610 484 656 la
514 609 752 657 innocens
784 609 1052 657 iudicetur.
1123 609 1330 673 Itaquee
1357 647 1367 658 .
1393 649 1404 658 .
1431 648 1441 659 .
1467 612 1630 660 statim
1658 651 1668 661 .
1696 651 1706 668 .‚
1735 649 1744 660 .

432 693 575 739 addit
601 729 610 739 .
639 692 1021 743 ..consulatum
1053 708 1201 739 suum
1236 692 1358 746 talia
1389 694 1607 742 edidisse
1639 711 1745 743 mo·

433 773 706 822 derationis
724 782 772 822 et
787 774 1107 822 continentiae
1126 781 1175 822 et
1197 775 1393 824 virtutis
1418 778 1663 842 exempla,
1689 783 1747 826 ut

432 874 532 905 non
549 857 656 922 ipse
674 875 775 915 rex,
794 858 884 905 sed
899 858 1009 905 aliis
1026 875 1232 921 regnum
1248 861 1596 908 affectantibus
1616 866 1749 909 esset

431 939 677 987 inimicus.
750 940 867 994 Qua
884 940 1207 989 exsecutione
1232 941 1376 989 simul
1410 949 1460 990 et
1486 943 1671 991 invidia
1694 942 1748 990 li-

431 1022 575 1069 berat
597 1022 947 1070 auctoritatem
979 1040 1136 1081 suam,
1167 1031 1216 1071 et
1240 1024 1605 1088 impetrabilius
1630 1025 1748 1074 facit

432 1105 571 1168 quod
595 1106 658 1152 ad
683 1104 835 1167 Syllae
861 1106 1121 1153 victoriam
1137 1105 1151 1129 f
1181 1107 1442 1155 locuturus
1466 1116 1558 1156 est.

499 1188 589 1235 AN
627 1194 728 1236 TUg
764 1204 822 1236 1N
861 1205 1037 1237 TANTo
1076 1205 1306 1237 IMPERIO
1343 1207 1626 1240 TANTAQUe
1661 1207 1747 1240 Po-

432 1285 670 1318 TESTATE
698 1285 807 1319 NON
835 1286 987 1319 DICEs
1024 1287 1099 1321 ME
1138 1288 1319 1323 FmssE
1349 1288 1562 1334 REGEM3
1600 1290 1745 1322 NUNC

432 1369 715 1401 PRIVATUM
754 1368 1009 1400 REGNARE
1046 1354 1225 1401 mels?

496 1436 547 1484 A
574 1435 763 1483 maiore
780 1435 844 1482 ad
863 1435 1044 1483 minus,
1114 1436 1188 1484 Ut
1211 1439 1348 1500 quod
1372 1456 1505 1487 nunc
1522 1440 1744 1504 privatus

427 1519 480 1567 in
499 1517 819 1567 defendendo
836 1534 921 1566 reo
944 1517 1350 1570 innocentissimo
1373 1523 1536 1581 faeiat,
1555 1540 1655 1572 non
1681 1523 1746 1572 sit

429 1602 576 1666 regiae
618 1600 865 1663 superbiae
901 1601 991 1648 sed
1032 1601 1148 1648 fidei
1183 1603 1438 1667 religiosae,
1491 1622 1592 1668 qua
1641 1622 1743 1653 non

427 1690 576 1749 putet
601 1684 891 1731 innocentes
920 1700 1031 1731 esse
1056 1684 1385 1733 damnandos.
1458 1686 1508 1734 N
1512 1703 1568 1734 ec
1594 1687 1746 1735 cadat

429 1766 652 1830 suspicio
683 1765 827 1828 regiae
863 1766 1154 1830 cupiditatis
1185 1767 1236 1814 in
1267 1768 1513 1831 privatum
1547 1776 1743 1817 senato-

427 1868 546 1907 rem,
571 1867 682 1913 quae
706 1865 808 1896 non
832 1849 1074 1898 ceciderit
1097 1849 1146 1896 in
1171 1851 1445 1901 consulem.

496 1934 556 1981 S1
601 1948 810 1981 FALSUM
849 1948 1106 1989 DIXERIM,
1161 1950 1227 1982 TE
1266 1949 1325 1981 1N
1364 1950 1571 1982 EosDEM
1624 1951 1741 1984 mx-

431 2039 569 2082 1SSE3
628 2037 674 2068 s1
726 2036 930 2076 VERUM,
985 2036 1094 2067 NON
1147 2033 1266 2065 ESSE
1320 2032 1422 2064 Hoc
1473 2033 1739 2075 REGNARE‚

428 2122 538 2154 CUM
577 2121 761 2152 VERUM
802 2119 1029 2151 IURATUs
1066 2117 1220 2150 DICAs
1257 2099 1542 2148 ΡΒΟΒΑΒΕ,11

493 2189 554 2237 In
591 2189 750 2236 altero
784 2188 1029 2235 accusatio
1063 2185 1331 2233 adversarii
1361 2188 1450 2239 est,
1496 2182 1543 2230 in
1585 2183 1740 2231 altero

427 2273 503 2320 sui
542 2268 781 2333 defensio?
864 2267 975 2316 Aut
1008 2266 1206 2316 invidiae
1239 2282 1435 2318 mecum
1472 2265 1738 2329 particeps,

474 2521 488 2537 ‘³
513 2517 557 2551 In
573 2517 626 2551 his
643 2517 764 2560 spatiis
781 2517 942 2551 evanidae
960 2527 1100 2561 prorsus
1115 2517 1254 2550 litterae.

476 2561 486 2583 f
508 2564 633 2597 Codex
651 2565 698 2598 ad
711 2563 842 2609 Syllam
857 2564 1015 2598 victoriae.

474 2614 490 2635 ἕ
515 2610 572 2643 Sic
590 2610 679 2643 Cod.
696 2615 742 2643 tu.
760 2611 810 2644 At
825 2610 861 2642 in
878 2610 958 2643 edd.
974 2617 1055 2643 tum.

474 2654 488 2675 ¹¹
515 2656 612 2689 Hinc
628 2657 717 2689 forte
733 2657 896 2690 clarescit
911 2657 1010 2689 loeus
1022 2655 1081 2699 qui
1096 2656 1304 2699 interpretes
1321 2654 1383 2687 diu
1399 2653 1552 2687 vexavit.

474 2700 483 2722 ⁶
507 2701 595 2735 Cod.
621 2702 691 2736 sie:
727 2703 763 2735 in
787 2702 892 2735 altero
909 2727 917 2736 .
935 2728 943 2736 .
962 2727 970 2735 .
987 2709 1034 2735 est
1050 2703 1087 2735 in
1101 2701 1206 2734 altero
1223 2726 1231 2735 .
1249 2726 1257 2734 .
1275 2706 1342 2741 ant,
1367 2702 1435 2733 cte.
1460 2710 1541 2743 quae
1555 2700 1669 2743 spatia
1684 2711 1738 2733 re-

427 2747 560 2792 plenda
574 2748 796 2788 videbantur,
813 2752 856 2782 ut
870 2748 1028 2782 fecimus.
1078 2749 1185 2781 Porro
1201 2750 1320 2780 noster
1335 2747 1514 2790 Interpres
1538 2746 1623 2779 satis
1648 2746 1736 2779 benc

429 2793 586 2828 declarat
601 2794 695 2828 hune
712 2795 840 2838 locum,
859 2795 919 2839 qui
935 2794 1147 2829 recentiores
1163 2793 1303 2828 criticos
1319 2803 1390 2835 uon
1406 2803 1531 2837 parum
1547 2793 1656 2831 torsit.
1711 2795 1713 2799 ’
