1918 3254
665 289 1135 335 ARGUMENTUM
1164 290 1499 335 INEDITUM

534 365 766 408 OPERIS
814 363 1159 407 CICERONIS
1205 363 1293 405 DE
1340 364 1631 408 OFFICIIS.

498 490 702 538 Tullius
729 490 902 538 videns
929 506 1183 538 romanam
1210 506 1301 553 .r.p
1324 489 1463 537 viciis
1499 507 1734 554 quorum-

434 573 549 621 dam
584 588 899 620 romanorum
928 574 1295 635 pessmzdatama
1330 573 1617 637 postposuit
1652 591 1736 622 cu-

432 671 538 702 ram
560 672 666 718 .r.p.
691 661 740 702 et
761 654 973 702 adhaesit
991 654 1158 702 studio
1178 654 1522 719 philosophiae.
1559 655 1736 704 Sciens

431 737 586 801 igitur
607 755 637 785 a
657 737 872 794 viciosis‚
905 737 1091 801 quibus
1127 737 1354 784 resistere
1388 753 1489 785 non
1524 737 1736 796 valebat,

432 837 534 869 non
569 837 718 884 posse
758 820 861 884 regi
899 819 1163 876 civitatem,
1205 836 1356 883 super
1393 836 1549 884 quam
1581 819 1740 868 maxi-

433 891 568 951 mam
591 920 761 951 curam
786 904 1017 961 habebat,
1042 901 1218 950 maluit
1246 908 1461 950 tractare
1485 903 1548 953 de
1571 901 1742 950 huius-

433 986 573 1035 modi
596 1003 775 1050 genere
797 986 1128 1051 philosopliiae
1164 1001 1252 1047 per
1277 984 1418 1048 quod
1451 989 1625 1047 posset
1655 1000 1742 1032 eos

433 1085 670 1118 revocare
694 1088 724 1118 a
745 1070 886 1119 viciis
911 1087 1062 1134 quam
1087 1067 1151 1113 de
1175 1065 1302 1114 alio:
1341 1066 1406 1114 ad
1426 1067 1567 1129 quod
1591 1066 1744 1114 maxi-

433 1165 515 1199 me
538 1152 737 1200 valebat
757 1157 1002 1200 tractatus
1026 1151 1089 1198 de
1105 1147 1314 1196 Officiis.
1385 1146 1604 1195 Materia
1626 1152 1747 1194 sunt

433 1233 614 1281 officia.
698 1233 901 1295 ‚Modus
942 1230 1191 1280 tractandi
1236 1230 1351 1276 talis
1397 1235 1488 1277 est.
1504 1228 1521 1252 b
1612 1228 1749 1278 Prae-=

433 1313 587 1362 mittit
621 1315 902 1377 prologum,
934 1313 986 1360 in
1018 1328 1121 1376 quo
1145 1311 1358 1359 breviter
1389 1312 1513 1359 dicit
1544 1313 1607 1360 de
1639 1312 1748 1376 qui—

432 1396 530 1443 bus
555 1401 863 1444 tractaturus
888 1402 979 1443 est.
1049 1394 1118 1442 Et
1139 1394 1191 1442 in
1214 1395 1391 1442 eodem
1415 1395 1583 1443 reddit
1609 1395 1748 1444 audi-

433 1483 592 1526 torem
628 1484 873 1526 asstentum
897 1476 1113 1526 docilem
1139 1484 1188 1524 et
1222 1477 1528 1525 benivolum.
1599 1477 1748 1527 Facit

435 1560 585 1608 etiam
606 1566 705 1607 tres
724 1560 876 1608 libros
896 1560 958 1607 de
979 1559 1168 1609 officiis.
1228 1559 1290 1607 In
1308 1560 1468 1624 primo
1488 1560 1662 1609 scribit
1684 1551 1757 1610 de·

433 1643 661 1700 honesto,
695 1644 792 1691 hoc
813 1648 891 1691 est
914 1643 977 1690 de
999 1641 1100 1690 illis
1136 1642 1326 1701 officiis,
1359 1643 1410 1691 in
1435 1644 1619 1707 quibus
1644 1661 1748 1692 ma-

436 1726 571 1774 xime
615 1726 964 1774 consideratur
1008 1725 1261 1773 honestas.
1345 1723 1558 1773 Tractat
1595 1726 1748 1790 sqilifq}

437 1814 656 1871 quatuor
679 1807 981 1872 principales
995 1807 1237 1863 virtutes,⁰
1261 1824 1371 1871 quae
1392 1814 1510 1854 sunt
1525 1807 1752 1856 Pruden-

436 1890 520 1947 tia,
548 1889 772 1946 Iusticia‚
813 1888 1096 1945 Fortitudo,
1132 1888 1503 1951 Temperantia.
1539 1889 1750 1939 Tractat

436 1972 585 2020 etiam
609 1973 674 2019 de
698 1971 890 2026 officiis,
917 1987 1030 2033 quae
1056 1970 1304 2032 pertinent
1327 1971 1391 2017 ad
1415 1971 1747 2032 honestatem,

437 2053 721 2117 dupliciter.
760 2051 934 2099 Primo
955 2052 1019 2099 de
1041 2051 1251 2100 honesto
1273 2069 1362 2116 per
1377 2069 1457 2101 se:
1488 2061 1668 2118 postea
1686 2057 1750 2105 de

437 2135 639 2184 duobus
655 2134 891 2191 honestis,
919 2135 1059 2199 quod
1084 2151 1254 2183 eorum
1274 2135 1547 2185 honestius.
1615 2138 1748 2187 Tum

435 2217 547 2283 pari
568 2216 761 2266 ratione
784 2218 848 2265 de
870 2216 1052 2265 hutili.d
1089 2218 1130 2266 F
1133 2217 1300 2266 inalise
1318 2235 1484 2277 causa,
1510 2220 1738 2269 hutilitas

483 2392 500 2409 ²
515 2389 667 2424 Lacuna
682 2391 737 2423 est
759 2389 797 2423 in
813 2387 948 2423 Codice
964 2388 1128 2423 vocabuli
1156 2388 1274 2431 unius,
1301 2399 1410 2433 quam
1436 2388 1577 2433 opplevi
1591 2387 1751 2421 scribens

431 2437 829 2516 Pe{mgzffgiliylzocutione
844 2492 931 2515 usus
946 2484 1001 2515 est
1013 2481 1190 2516 Asconius
1205 2481 1370 2516 laudatus
1386 2492 1407 2515 a
1424 2479 1642 2522 Quintiliano
1659 2479 1749 2513 Inst.

436 2527 520 2563 Lib.
538 2539 572 2562 V.
591 2530 677 2573 Cap.
697 2531 750 2563 10.
791 2530 811 2546 ‘⁶
830 2528 1093 2572 Argumentum
1108 2529 1286 2562 Orationis
1301 2530 1372 2563 tale
1387 2528 1473 2562 est.''
1512 2526 1609 2561 Cave
1625 2530 1749 2561 tamen

436 2574 572 2608 tribuas
588 2575 744 2609 Asconio
759 2575 1022 2618 Argumentum
1037 2575 1104 2609 hoc
1121 2575 1336 2609 Officiorum.

485 2625 499 2641 ⁰
522 2622 643 2655 Scn’be
667 2621 786 2666 potius
800 2622 840 2655 de
863 2628 1006 2667 quatuor
1022 2621 1269 2668 principalibus
1284 2620 1470 2665 virtutibus,
1486 2621 1527 2654 ut
1547 2619 1654 2664 paulo
1668 2619 1750 2664 post

436 2665 537 2701 vides
551 2674 674 2702 tractat
689 2669 729 2702 de
744 2668 872 2712 officiis.

483 2712 499 2734 ‘³
524 2714 583 2748 Sic
599 2725 684 2749 cum
696 2715 923 2761 adspiratione
938 2714 1077 2750 Codex.

457 2764 498 2840 tt
523 2759 689 2842 Dczinatus
715 2763 761 2796 ad
783 2762 994 2797 Terentium
1018 2761 1178 2798 Finalem
1201 2773 1334 2799 causam
1349 2763 1454 2798 vocat
1473 2758 1748 2796 controversiam

438 2817 455 2840 s
471 2809 553 2842 atus
595 2807 706 2844 nitivi.
