<?xml version="1.0" encoding="UTF-8"?>
<!DOCTYPE html PUBLIC "-//W3C//DTD XHTML 1.0 Transitional//EN"
    "http://www.w3.org/TR/xhtml1/DTD/xhtml1-transitional.dtd">
<html xmlns="http://www.w3.org/1999/xhtml" xml:lang="en" lang="en">
 <head>
  <title>
</title>
<meta http-equiv="Content-Type" content="text/html;charset=utf-8" />
  <meta name='ocr-system' content='tesseract 3.04.00' />
  <meta name='ocr-capabilities' content='ocr_page ocr_carea ocr_par ocr_line ocrx_word'/>
</head>
<body>
  <div class='ocr_page' id='page_1' title='image "./sexorationumfrag00ciceuoft_0104.png"; bbox 0 0 1971 3263; ppageno 0'>
   <div class='ocr_carea' id='block_1_1' title="bbox 235 887 448 968">
    <p class='ocr_par' dir='ltr' id='par_1_1' title="bbox 235 887 448 968">
     <span class='ocr_line' id='line_1_1' title="bbox 341 887 447 921; baseline 0 0"><span class='ocrx_word' id='word_1_1' title='bbox 341 887 447 921; x_wconf 86' lang='lat' dir='ltr'>Com-</span> 
     </span>
     <span class='ocr_line' id='line_1_2' title="bbox 235 934 448 968; baseline 0 -1"><span class='ocrx_word' id='word_1_2' title='bbox 235 934 448 968; x_wconf 86' lang='lat' dir='ltr'>mendantur</span> 
     </span>
    </p>
   </div>
   <div class='ocr_carea' id='block_1_2' title="bbox 460 274 1317 325">
    <p class='ocr_par' dir='ltr' id='par_1_2' title="bbox 460 274 1317 325">
     <span class='ocr_line' id='line_1_3' title="bbox 460 274 1317 325; baseline -0.007 -1"><span class='ocrx_word' id='word_1_3' title='bbox 460 274 564 325; x_wconf 82' lang='lat' dir='ltr'>xliv</span> <span class='ocrx_word' id='word_1_4' title='bbox 911 285 1119 318; x_wconf 70' lang='lat' dir='ltr'><strong>PRAEVIA</strong></span> <span class='ocrx_word' id='word_1_5' title='bbox 1155 286 1317 319; x_wconf 73' lang='lat' dir='ltr'>OPERI</span> 
     </span>
    </p>
   </div>
   <div class='ocr_carea' id='block_1_3' title="bbox 460 386 1779 834">
    <p class='ocr_par' dir='ltr' id='par_1_3' title="bbox 460 386 1779 834">
     <span class='ocr_line' id='line_1_4' title="bbox 462 386 1779 454; baseline -0.001 -14"><span class='ocrx_word' id='word_1_6' title='bbox 462 393 518 440; x_wconf 87' lang='lat' dir='ltr'>fit</span> <span class='ocrx_word' id='word_1_7' title='bbox 552 391 811 454; x_wconf 84' lang='lat' dir='ltr'>interpreS‚</span> <span class='ocrx_word' id='word_1_8' title='bbox 839 386 1135 436; x_wconf 81' lang='lat' dir='ltr'>Ciceronem</span> <span class='ocrx_word' id='word_1_9' title='bbox 1159 388 1367 451; x_wconf 87' lang='lat' dir='ltr'>quidem</span> <span class='ocrx_word' id='word_1_10' title='bbox 1399 405 1466 437; x_wconf 88' lang='lat' dir='ltr'>ex</span> <span class='ocrx_word' id='word_1_11' title='bbox 1500 390 1606 438; x_wconf 87' lang='lat' dir='ltr'>eius</span> <span class='ocrx_word' id='word_1_12' title='bbox 1630 390 1779 439; x_wconf 85' lang='lat' dir='ltr'>editis</span> 
     </span>
     <span class='ocr_line' id='line_1_5' title="bbox 461 487 1778 553; baseline 0.001 -15"><span class='ocrx_word' id='word_1_13' title='bbox 461 489 662 553; x_wconf 88' lang='lat' dir='ltr'>scriptis</span> <span class='ocrx_word' id='word_1_14' title='bbox 682 503 817 551; x_wconf 84' lang='lat' dir='ltr'>saepe</span> <span class='ocrx_word' id='word_1_15' title='bbox 836 487 1086 535; x_wconf 87' lang='lat' dir='ltr'>declaravi</span> <span class='ocrx_word' id='word_1_16' title='bbox 1104 505 1116 547; x_wconf 84' lang='lat'><em>3</em></span> <span class='ocrx_word' id='word_1_17' title='bbox 1156 487 1584 539; x_wconf 87' lang='lat' dir='ltr'>Commentarium</span> <span class='ocrx_word' id='word_1_18' title='bbox 1609 497 1778 539; x_wconf 84' lang='lat' dir='ltr'>autem</span> 
     </span>
     <span class='ocr_line' id='line_1_6' title="bbox 461 587 1778 656; baseline 0.002 -20"><span class='ocrx_word' id='word_1_19' title='bbox 461 603 781 649; x_wconf 86' lang='lat' dir='ltr'>anonymum,</span> <span class='ocrx_word' id='word_1_20' title='bbox 803 604 963 651; x_wconf 86' lang='lat' dir='ltr'>quum</span> <span class='ocrx_word' id='word_1_21' title='bbox 979 587 1192 636; x_wconf 89' lang='lat' dir='ltr'>Asconii</span> <span class='ocrx_word' id='word_1_22' title='bbox 1212 606 1321 637; x_wconf 89' lang='lat' dir='ltr'>esse</span> <span class='ocrx_word' id='word_1_23' title='bbox 1339 595 1527 652; x_wconf 88' lang='lat' dir='ltr'>putem,</span> <span class='ocrx_word' id='word_1_24' title='bbox 1551 593 1778 656; x_wconf 86' lang='lat' dir='ltr'>frequen-</span> 
     </span>
     <span class='ocr_line' id='line_1_7' title="bbox 460 686 1779 754; baseline 0.003 -21"><span class='ocrx_word' id='word_1_25' title='bbox 460 687 655 734; x_wconf 84' lang='lat' dir='ltr'>tissima</span> <span class='ocrx_word' id='word_1_26' title='bbox 676 686 976 735; x_wconf 85' lang='lat' dir='ltr'>Asconianae</span> <span class='ocrx_word' id='word_1_27' title='bbox 1002 687 1235 736; x_wconf 82' lang='lat' dir='ltr'>editionis</span> <span class='ocrx_word' id='word_1_28' title='bbox 1261 688 1638 754; x_wconf 86' lang='lat' dir='ltr'>comparatione</span> <span class='ocrx_word' id='word_1_29' title='bbox 1662 705 1779 738; x_wconf 89' lang='lat' dir='ltr'>con-</span> 
     </span>
     <span class='ocr_line' id='line_1_8' title="bbox 465 793 841 834; baseline 0 0"><span class='ocrx_word' id='word_1_30' title='bbox 465 793 689 834; x_wconf 85' lang='lat' dir='ltr'>sectatus</span> <span class='ocrx_word' id='word_1_31' title='bbox 713 803 841 834; x_wconf 89' lang='lat' dir='ltr'>sum.</span> 
     </span>
    </p>
   </div>
   <div class='ocr_carea' id='block_1_4' title="bbox 533 885 1778 950">
    <p class='ocr_par' dir='ltr' id='par_1_4' title="bbox 533 885 1778 950">
     <span class='ocr_line' id='line_1_9' title="bbox 533 885 1778 950; baseline 0.002 -17"><span class='ocrx_word' id='word_1_32' title='bbox 533 885 710 934; x_wconf 86' lang='lat' dir='ltr'>XVII.</span> <span class='ocrx_word' id='word_1_33' title='bbox 747 887 900 935; x_wconf 86' lang='lat' dir='ltr'>Nunc</span> <span class='ocrx_word' id='word_1_34' title='bbox 925 887 1163 950; x_wconf 86' lang='lat' dir='ltr'>quoniam</span> <span class='ocrx_word' id='word_1_35' title='bbox 1200 886 1320 936; x_wconf 86' lang='lat' dir='ltr'>satis</span> <span class='ocrx_word' id='word_1_36' title='bbox 1346 887 1544 936; x_wconf 87' lang='lat' dir='ltr'>videtur</span> <span class='ocrx_word' id='word_1_37' title='bbox 1566 886 1778 939; x_wconf 83' lang='lat' dir='ltr'>fluxisse</span> 
     </span>
    </p>
   </div>
   <div class='ocr_carea' id='block_1_5' title="bbox 236 979 1777 1052">
    <p class='ocr_par' dir='ltr' id='par_1_5' title="bbox 236 979 1777 1052">
     <span class='ocr_line' id='line_1_10' title="bbox 236 979 1777 1052; baseline 0.005 -22"><span class='ocrx_word' id='word_1_38' title='bbox 236 979 316 1013; x_wconf 61' lang='lat' dir='ltr'>¹¹ae⁶</span> <span class='ocrx_word' id='word_1_39' title='bbox 356 992 446 1014; x_wconf 61' lang='lat'>”0⁸²¹</span> <span class='ocrx_word' id='word_1_40' title='bbox 466 989 745 1044; x_wconf 81' lang='lat' dir='ltr'>verborum,</span> <span class='ocrx_word' id='word_1_41' title='bbox 783 994 840 1035; x_wconf 87' lang='lat' dir='ltr'>ut</span> <span class='ocrx_word' id='word_1_42' title='bbox 872 994 1149 1035; x_wconf 87' lang='lat' dir='ltr'>extremum</span> <span class='ocrx_word' id='word_1_43' title='bbox 1173 987 1361 1052; x_wconf 92' lang='lat' dir='ltr'>aliquid</span> <span class='ocrx_word' id='word_1_44' title='bbox 1383 988 1567 1035; x_wconf 86' lang='lat' dir='ltr'>habeat</span> <span class='ocrx_word' id='word_1_45' title='bbox 1600 986 1777 1045; x_wconf 82' lang='lat' dir='ltr'>oratio,</span> 
     </span>
    </p>
   </div>
   <div class='ocr_carea' id='block_1_6' title="bbox 234 1027 445 1107">
    <p class='ocr_par' dir='ltr' id='par_1_6' title="bbox 234 1027 445 1107">
     <span class='ocr_line' id='line_1_11' title="bbox 238 1027 445 1070; baseline 0.014 -12"><span class='ocrx_word' id='word_1_46' title='bbox 238 1027 359 1070; x_wconf 80' lang='lat' dir='ltr'>Opera</span> <span class='ocrx_word' id='word_1_47' title='bbox 375 1028 445 1061; x_wconf 81' lang='lat' dir='ltr'>lta-</span> 
     </span>
     <span class='ocr_line' id='line_1_12' title="bbox 234 1072 305 1107; baseline 0 0"><span class='ocrx_word' id='word_1_48' title='bbox 234 1072 305 1107; x_wconf 81' lang='lat' dir='ltr'>liae.</span> 
     </span>
    </p>
   </div>
   <div class='ocr_carea' id='block_1_7' title="bbox 453 1085 1777 2736">
    <p class='ocr_par' dir='ltr' id='par_1_7' title="bbox 453 1085 1777 2736">
     <span class='ocr_line' id='line_1_13' title="bbox 463 1085 1777 1151; baseline 0 -17"><span class='ocrx_word' id='word_1_49' title='bbox 463 1088 533 1134; x_wconf 89' lang='lat' dir='ltr'>ita</span> <span class='ocrx_word' id='word_1_50' title='bbox 558 1087 677 1134; x_wconf 87' lang='lat' dir='ltr'>mihi</span> <span class='ocrx_word' id='word_1_51' title='bbox 701 1087 904 1135; x_wconf 89' lang='lat' dir='ltr'>finiendi</span> <span class='ocrx_word' id='word_1_52' title='bbox 927 1087 1275 1135; x_wconf 87' lang='lat' dir='ltr'>necessitatem</span> <span class='ocrx_word' id='word_1_53' title='bbox 1311 1086 1582 1151; x_wconf 83' lang='lat' dir='ltr'><strong>imponam,</strong></span> <span class='ocrx_word' id='word_1_54' title='bbox 1609 1086 1652 1134; x_wconf 87' lang='lat' dir='ltr'>si</span> <span class='ocrx_word' id='word_1_55' title='bbox 1676 1085 1777 1134; x_wconf 87' lang='lat' dir='ltr'>Na-</span> 
     </span>
     <span class='ocr_line' id='line_1_14' title="bbox 460 1175 1777 1251; baseline -0.001 -18"><span class='ocrx_word' id='word_1_56' title='bbox 460 1187 582 1234; x_wconf 87' lang='lat' dir='ltr'>tioni</span> <span class='ocrx_word' id='word_1_57' title='bbox 608 1203 742 1242; x_wconf 83' lang='lat' dir='ltr'>meae,</span> <span class='ocrx_word' id='word_1_58' title='bbox 771 1186 810 1234; x_wconf 89' lang='lat' dir='ltr'>si</span> <span class='ocrx_word' id='word_1_59' title='bbox 833 1175 1252 1251; x_wconf 62' lang='lat' dir='ltr'>praestantissimae</span> <span class='ocrx_word' id='word_1_60' title='bbox 1282 1185 1652 1249; x_wconf 85' lang='lat' dir='ltr'>provinciarum</span> <span class='ocrx_word' id='word_1_61' title='bbox 1675 1201 1777 1234; x_wconf 90' lang='lat' dir='ltr'>om-</span> 
     </span>
     <span class='ocr_line' id='line_1_15' title="bbox 457 1283 1777 1333; baseline 0 -1"><span class='ocrx_word' id='word_1_62' title='bbox 457 1285 593 1332; x_wconf 81' lang='lat' dir='ltr'>nium</span> <span class='ocrx_word' id='word_1_63' title='bbox 630 1285 790 1332; x_wconf 81' lang='lat' dir='ltr'>Italiae</span> <span class='ocrx_word' id='word_1_64' title='bbox 817 1286 925 1333; x_wconf 87' lang='lat' dir='ltr'>haec</span> <span class='ocrx_word' id='word_1_65' title='bbox 951 1285 1210 1333; x_wconf 89' lang='lat' dir='ltr'>Maiorum</span> <span class='ocrx_word' id='word_1_66' title='bbox 1233 1291 1519 1333; x_wconf 83' lang='lat' dir='ltr'>nostrorum</span> <span class='ocrx_word' id='word_1_67' title='bbox 1553 1283 1777 1332; x_wconf 86' lang='lat' dir='ltr'>rediviva</span> 
     </span>
     <span class='ocr_line' id='line_1_16' title="bbox 459 1384 1776 1448; baseline 0.001 -17"><span class='ocrx_word' id='word_1_68' title='bbox 459 1384 629 1448; x_wconf 82' lang='lat' dir='ltr'>Opera</span> <span class='ocrx_word' id='word_1_69' title='bbox 653 1384 972 1447; x_wconf 80' lang='lat' dir='ltr'>singulariter</span> <span class='ocrx_word' id='word_1_70' title='bbox 996 1385 1428 1433; x_wconf 79' lang='lat' dir='ltr'>commendavero.</span> <span class='ocrx_word' id='word_1_71' title='bbox 1499 1384 1707 1433; x_wconf 85' lang='lat' dir='ltr'>Scilicet</span> <span class='ocrx_word' id='word_1_72' title='bbox 1728 1384 1776 1432; x_wconf 87' lang='lat' dir='ltr'>ei</span> 
     </span>
     <span class='ocr_line' id='line_1_17' title="bbox 454 1482 1775 1548; baseline 0 -17"><span class='ocrx_word' id='word_1_73' title='bbox 454 1484 662 1548; x_wconf 89' lang='lat' dir='ltr'>populo,</span> <span class='ocrx_word' id='word_1_74' title='bbox 698 1484 832 1531; x_wconf 87' lang='lat' dir='ltr'>unde</span> <span class='ocrx_word' id='word_1_75' title='bbox 864 1489 973 1531; x_wconf 87' lang='lat' dir='ltr'>orta</span> <span class='ocrx_word' id='word_1_76' title='bbox 997 1483 1214 1547; x_wconf 83' lang='lat' dir='ltr'>gravitas</span> <span class='ocrx_word' id='word_1_77' title='bbox 1237 1490 1287 1531; x_wconf 87' lang='lat' dir='ltr'>et</span> <span class='ocrx_word' id='word_1_78' title='bbox 1310 1483 1602 1547; x_wconf 83' lang='lat' dir='ltr'>magnitudo</span> <span class='ocrx_word' id='word_1_79' title='bbox 1627 1482 1775 1531; x_wconf 86' lang='lat' dir='ltr'>animi</span> 
     </span>
     <span class='ocr_line' id='line_1_18' title="bbox 454 1582 1774 1648; baseline 0.001 -18"><span class='ocrx_word' id='word_1_80' title='bbox 454 1584 681 1631; x_wconf 83' lang='lat' dir='ltr'>videtur:</span> <span class='ocrx_word' id='word_1_81' title='bbox 736 1582 822 1645; x_wconf 88' lang='lat' dir='ltr'>qui</span> <span class='ocrx_word' id='word_1_82' title='bbox 849 1582 935 1629; x_wconf 91' lang='lat' dir='ltr'>diu</span> <span class='ocrx_word' id='word_1_83' title='bbox 964 1599 1082 1630; x_wconf 90' lang='lat' dir='ltr'>cum</span> <span class='ocrx_word' id='word_1_84' title='bbox 1105 1589 1180 1631; x_wconf 85' lang='lat' dir='ltr'>tot</span> <span class='ocrx_word' id='word_1_85' title='bbox 1203 1584 1439 1647; x_wconf 83' lang='lat' dir='ltr'>gentibus</span> <span class='ocrx_word' id='word_1_86' title='bbox 1465 1585 1530 1631; x_wconf 89' lang='lat' dir='ltr'>de</span> <span class='ocrx_word' id='word_1_87' title='bbox 1553 1583 1774 1648; x_wconf 87' lang='lat' dir='ltr'>discipli-</span> 
     </span>
     <span class='ocr_line' id='line_1_19' title="bbox 453 1681 1772 1744; baseline -0.001 -13"><span class='ocrx_word' id='word_1_88' title='bbox 453 1700 629 1732; x_wconf 88' lang='lat' dir='ltr'>narum</span> <span class='ocrx_word' id='word_1_89' title='bbox 664 1692 817 1744; x_wconf 83' lang='lat' dir='ltr'>atque</span> <span class='ocrx_word' id='word_1_90' title='bbox 853 1681 1035 1729; x_wconf 89' lang='lat' dir='ltr'>artium</span> <span class='ocrx_word' id='word_1_91' title='bbox 1071 1681 1231 1744; x_wconf 84' lang='lat' dir='ltr'>gloria</span> <span class='ocrx_word' id='word_1_92' title='bbox 1265 1682 1568 1730; x_wconf 88' lang='lat' dir='ltr'>decertavit:</span> <span class='ocrx_word' id='word_1_93' title='bbox 1625 1682 1772 1730; x_wconf 91' lang='lat' dir='ltr'>cuius</span> 
     </span>
     <span class='ocr_line' id='line_1_20' title="bbox 455 1780 1771 1845; baseline 0 -16"><span class='ocrx_word' id='word_1_94' title='bbox 455 1782 697 1839; x_wconf 84' lang='lat' dir='ltr'>doctrina,</span> <span class='ocrx_word' id='word_1_95' title='bbox 730 1781 803 1830; x_wconf 89' lang='lat' dir='ltr'>vis</span> <span class='ocrx_word' id='word_1_96' title='bbox 839 1782 1037 1845; x_wconf 83' lang='lat' dir='ltr'>ingenii,</span> <span class='ocrx_word' id='word_1_97' title='bbox 1081 1780 1420 1845; x_wconf 87' lang='lat' dir='ltr'>pulcherrima</span> <span class='ocrx_word' id='word_1_98' title='bbox 1459 1786 1599 1843; x_wconf 84' lang='lat' dir='ltr'>gesta</span> <span class='ocrx_word' id='word_1_99' title='bbox 1635 1780 1771 1829; x_wconf 88' lang='lat' dir='ltr'>orbis</span> 
     </span>
     <span class='ocr_line' id='line_1_21' title="bbox 456 1873 1769 1945; baseline 0 -17"><span class='ocrx_word' id='word_1_100' title='bbox 456 1887 598 1929; x_wconf 83' lang='lat' dir='ltr'>terrae</span> <span class='ocrx_word' id='word_1_101' title='bbox 637 1880 826 1928; x_wconf 88' lang='lat' dir='ltr'>iudicio</span> <span class='ocrx_word' id='word_1_102' title='bbox 868 1881 1281 1945; x_wconf 87' lang='lat' dir='ltr'>comprobantur.</span> <span class='ocrx_word' id='word_1_103' title='bbox 1361 1873 1578 1945; x_wconf 50' lang='lat' dir='ltr'>‘Quippe</span> <span class='ocrx_word' id='word_1_104' title='bbox 1622 1879 1769 1928; x_wconf 91' lang='lat' dir='ltr'>Deus</span> 
     </span>
     <span class='ocr_line' id='line_1_22' title="bbox 455 1979 1772 2044; baseline -0.002 -16"><span class='ocrx_word' id='word_1_105' title='bbox 455 1979 656 2028; x_wconf 84' lang='lat' dir='ltr'>Italiam</span> <span class='ocrx_word' id='word_1_106' title='bbox 703 1997 818 2028; x_wconf 79' lang='lat' dir='ltr'>cun]</span> <span class='ocrx_word' id='word_1_107' title='bbox 877 1980 1154 2044; x_wconf 83' lang='lat' dir='ltr'>elegantiae,</span> <span class='ocrx_word' id='word_1_108' title='bbox 1200 1979 1456 2035; x_wconf 85' lang='lat' dir='ltr'>ubertatis,</span> <span class='ocrx_word' id='word_1_109' title='bbox 1517 1995 1772 2027; x_wconf 85' lang='lat' dir='ltr'>sacrorum</span> 
     </span>
     <span class='ocr_line' id='line_1_23' title="bbox 455 2078 1771 2141; baseline -0.001 -14"><span class='ocrx_word' id='word_1_110' title='bbox 455 2081 626 2127; x_wconf 88' lang='lat' dir='ltr'>sedem</span> <span class='ocrx_word' id='word_1_111' title='bbox 652 2079 946 2141; x_wconf 76' lang='lat' dir='ltr'>constituit3</span> <span class='ocrx_word' id='word_1_112' title='bbox 981 2086 1089 2127; x_wconf 89' lang='lat' dir='ltr'>tum</span> <span class='ocrx_word' id='word_1_113' title='bbox 1121 2079 1415 2128; x_wconf 86' lang='lat' dir='ltr'>eruditionis</span> <span class='ocrx_word' id='word_1_114' title='bbox 1447 2078 1612 2135; x_wconf 89' lang='lat' dir='ltr'>etiam,</span> <span class='ocrx_word' id='word_1_115' title='bbox 1640 2078 1771 2126; x_wconf 89' lang='lat' dir='ltr'>liter-</span> 
     </span>
     <span class='ocr_line' id='line_1_24' title="bbox 455 2176 1772 2242; baseline -0.002 -17"><span class='ocrx_word' id='word_1_116' title='bbox 455 2195 610 2236; x_wconf 84' lang='lat' dir='ltr'>arum,</span> <span class='ocrx_word' id='word_1_117' title='bbox 628 2178 821 2236; x_wconf 83' lang='lat' dir='ltr'>artium,</span> <span class='ocrx_word' id='word_1_118' title='bbox 840 2179 1160 2227; x_wconf 82' lang='lat' dir='ltr'>scientiarum</span> <span class='ocrx_word' id='word_1_119' title='bbox 1176 2186 1292 2242; x_wconf 88' lang='lat' dir='ltr'>post</span> <span class='ocrx_word' id='word_1_120' title='bbox 1303 2176 1571 2226; x_wconf 83' lang='lat' dir='ltr'>barbarica</span> <span class='ocrx_word' id='word_1_121' title='bbox 1585 2176 1772 2224; x_wconf 85' lang='lat' dir='ltr'>saecula</span> 
     </span>
     <span class='ocr_line' id='line_1_25' title="bbox 455 2275 1769 2343; baseline -0.002 -18"><span class='ocrx_word' id='word_1_122' title='bbox 455 2294 622 2325; x_wconf 85' lang='lat' dir='ltr'>arcem</span> <span class='ocrx_word' id='word_1_123' title='bbox 654 2295 764 2326; x_wconf 87' lang='lat' dir='ltr'>esse</span> <span class='ocrx_word' id='word_1_124' title='bbox 800 2278 961 2326; x_wconf 82' lang='lat' dir='ltr'>voluit</span> <span class='ocrx_word' id='word_1_125' title='bbox 997 2278 1366 2343; x_wconf 77' lang='lat' dir='ltr'>sempiternam,</span> <span class='ocrx_word' id='word_1_126' title='bbox 1453 2277 1623 2331; x_wconf 87' lang='lat' dir='ltr'>Quare</span> <span class='ocrx_word' id='word_1_127' title='bbox 1660 2275 1769 2323; x_wconf 86' lang='lat' dir='ltr'>haec</span> 
     </span>
     <span class='ocr_line' id='line_1_26' title="bbox 456 2375 1770 2442; baseline -0.002 -16"><span class='ocrx_word' id='word_1_128' title='bbox 456 2379 607 2426; x_wconf 85' lang='lat' dir='ltr'>etiam</span> <span class='ocrx_word' id='word_1_129' title='bbox 647 2379 855 2427; x_wconf 85' lang='lat' dir='ltr'>Inventa</span> <span class='ocrx_word' id='word_1_130' title='bbox 889 2379 1036 2442; x_wconf 83' lang='lat' dir='ltr'>quasi</span> <span class='ocrx_word' id='word_1_131' title='bbox 1070 2379 1320 2442; x_wconf 81' lang='lat' dir='ltr'>igniculos</span> <span class='ocrx_word' id='word_1_132' title='bbox 1345 2377 1596 2441; x_wconf 84' lang='lat' dir='ltr'>quosdam</span> <span class='ocrx_word' id='word_1_133' title='bbox 1623 2375 1770 2424; x_wconf 86' lang='lat' dir='ltr'>Deus</span> 
     </span>
     <span class='ocr_line' id='line_1_27' title="bbox 455 2475 1770 2543; baseline -0.002 -17"><span class='ocrx_word' id='word_1_134' title='bbox 455 2480 672 2537; x_wconf 81' lang='lat' dir='ltr'>extudit,</span> <span class='ocrx_word' id='word_1_135' title='bbox 711 2480 899 2543; x_wconf 87' lang='lat' dir='ltr'>quibus</span> <span class='ocrx_word' id='word_1_136' title='bbox 936 2479 1087 2528; x_wconf 86' lang='lat' dir='ltr'>animi</span> <span class='ocrx_word' id='word_1_137' title='bbox 1111 2478 1267 2526; x_wconf 86' lang='lat' dir='ltr'>nostri</span> <span class='ocrx_word' id='word_1_138' title='bbox 1290 2477 1354 2524; x_wconf 80' lang='lat' dir='ltr'>ad</span> <span class='ocrx_word' id='word_1_139' title='bbox 1379 2475 1638 2523; x_wconf 84' lang='lat' dir='ltr'>industriae</span> <span class='ocrx_word' id='word_1_140' title='bbox 1662 2476 1770 2524; x_wconf 85' lang='lat' dir='ltr'>lau-</span> 
     </span>
     <span class='ocr_line' id='line_1_28' title="bbox 457 2577 1770 2643; baseline 0 -17"><span class='ocrx_word' id='word_1_141' title='bbox 457 2579 568 2626; x_wconf 86' lang='lat' dir='ltr'>dem</span> <span class='ocrx_word' id='word_1_142' title='bbox 591 2580 856 2628; x_wconf 81' lang='lat' dir='ltr'>cierentur.</span> <span class='ocrx_word' id='word_1_143' title='bbox 928 2580 1343 2629; x_wconf 88' lang='lat' dir='ltr'>Obliviscendum</span> <span class='ocrx_word' id='word_1_144' title='bbox 1366 2577 1512 2626; x_wconf 87' lang='lat' dir='ltr'>nobis</span> <span class='ocrx_word' id='word_1_145' title='bbox 1530 2582 1770 2643; x_wconf 84' lang='lat' dir='ltr'>putamus</span> 
     </span>
     <span class='ocr_line' id='line_1_29' title="bbox 457 2676 1768 2736; baseline -0.001 -12"><span class='ocrx_word' id='word_1_146' title='bbox 457 2694 516 2724; x_wconf 85' lang='lat' dir='ltr'>ea</span> <span class='ocrx_word' id='word_1_147' title='bbox 532 2694 623 2725; x_wconf 91' lang='lat' dir='ltr'>nos</span> <span class='ocrx_word' id='word_1_148' title='bbox 642 2678 690 2726; x_wconf 90' lang='lat' dir='ltr'>in</span> <span class='ocrx_word' id='word_1_149' title='bbox 709 2686 838 2726; x_wconf 89' lang='lat' dir='ltr'>terra</span> <span class='ocrx_word' id='word_1_150' title='bbox 860 2678 1057 2736; x_wconf 84' lang='lat' dir='ltr'>versari,</span> <span class='ocrx_word' id='word_1_151' title='bbox 1077 2677 1165 2726; x_wconf 88' lang='lat' dir='ltr'>ubi</span> <span class='ocrx_word' id='word_1_152' title='bbox 1183 2677 1511 2725; x_wconf 87' lang='lat' dir='ltr'>barbarorum</span> <span class='ocrx_word' id='word_1_153' title='bbox 1534 2676 1768 2724; x_wconf 85' lang='lat' dir='ltr'>incursus</span> 
     </span>
    </p>
   </div>
   <div class='ocr_carea' id='block_1_8' title="bbox 456 2774 1772 2840">
    <p class='ocr_par' dir='ltr' id='par_1_8' title="bbox 456 2774 1772 2840">
     <span class='ocr_line' id='line_1_30' title="bbox 456 2774 1772 2840; baseline -0.002 -15"><span class='ocrx_word' id='word_1_154' title='bbox 456 2782 509 2832; x_wconf 89' lang='lat' dir='ltr'>et</span> <span class='ocrx_word' id='word_1_155' title='bbox 544 2779 684 2826; x_wconf 89' lang='lat' dir='ltr'>furor</span> <span class='ocrx_word' id='word_1_156' title='bbox 718 2778 1008 2828; x_wconf 87' lang='lat' dir='ltr'>innumeros</span> <span class='ocrx_word' id='word_1_157' title='bbox 1045 2776 1326 2827; x_wconf 86' lang='lat' dir='ltr'>italicorum</span> <span class='ocrx_word' id='word_1_158' title='bbox 1357 2775 1666 2840; x_wconf 81' lang='lat' dir='ltr'>ingeniorum</span> <span class='ocrx_word' id='word_1_159' title='bbox 1703 2774 1772 2823; x_wconf 85' lang='lat' dir='ltr'>la-</span> 
     </span>
    </p>
   </div>
  </div>
 </body>
</html>
