1971 3263
1062 253 1096 283 Χ

425 357 627 406 saeculo
650 356 917 419 rescriptos
951 353 1169 403 Codices
1196 354 1328 403 haud
1354 371 1465 404 raro
1500 354 1729 419 reperies.

426 439 604 502 Itaque
641 435 1040 501 praestantissimi
1075 453 1237 484 aureae
1269 438 1427 486 aetatis
1458 437 1730 502 scriptores

424 520 745 584 ineptissimis
785 519 922 567 rudis
954 519 1043 566 aevi
1080 519 1373 567 commentis
1403 536 1536 585 saepe
1563 521 1733 569 deces-

424 610 609 653 serunt.
681 602 820 657 Quos
846 601 894 650 in
915 600 1134 650 Codices
1160 600 1408 664 siquando
1425 601 1633 661 incidas,
1652 602 1731 651 vel

423 686 516 750 ipsi
541 686 758 749 ingentes
795 692 844 733 et
878 684 1198 749 pulcherrimi
1232 683 1448 748 antiquae
1476 684 1732 749 scripturae

425 771 622 826 ductus,
662 768 749 832 qui
773 770 869 817 sub
890 785 1018 816 nova
1040 767 1305 816 barbarica
1325 766 1532 830 sparsim
1550 783 1603 815 se
1621 784 1735 832 pro,-

426 854 568 909 dunt,
608 858 850 915 quantum
889 851 1017 899 inter
1060 857 1331 913 utrumque
1362 866 1487 914 opus
1524 849 1733 908 intersit,

426 935 514 984 tibi
534 935 679 983 facile
714 935 996 983 ostendent.
1067 933 1170 981 Sed
1189 931 1318 980 enim
1347 939 1399 980 et
1430 931 1557 979 illud
1581 933 1736 980 faten-

425 1019 547 1065 dum
571 1025 661 1074 est,
699 1018 968 1082 plerosque
1002 1016 1271 1081 rescriptos
1307 1014 1507 1064 codices
1541 1014 1737 1064 christi-

426 1118 522 1148 ana
545 1107 849 1163 argumenta,
877 1101 1025 1149 immo
1058 1100 1196 1165 ipsos
1221 1099 1413 1147 divinos
1438 1097 1620 1146 Libros
1652 1115 1737 1146 ex·

428 1184 633 1247 cepisse,
680 1200 894 1247 quorum
930 1183 1185 1232 materiam
1232 1182 1323 1230 etsi
1370 1182 1436 1229 ob
1482 1181 1734 1245 religionis

426 1283 645 1314 amorem
663 1267 1030 1323 exosculamur,
1051 1283 1158 1314 eam
1185 1271 1351 1312 tamen
1375 1281 1561 1312 vacuas
1579 1280 1736 1312 mum-

429 1350 608 1398 branas
632 1350 791 1397 multo
819 1349 1078 1396 mallemus
1103 1363 1399 1410 occupasse.
1470 1347 1635 1401 Quam
1669 1348 1735 1396 ob

428 1450 530 1481 rem
560 1433 708 1496 plane
742 1447 842 1478 non
865 1431 1026 1487 video,
1069 1447 1158 1478 cur
1188 1429 1362 1493 religio
1402 1429 1538 1494 apud
1563 1446 1736 1493 aequos

428 1514 669 1571 homines,
704 1513 939 1561 invidiam
982 1513 1262 1561 contrahat.
1348 1511 1451 1560 Tot
1484 1511 1736 1560 mirandas

428 1597 666 1645 Veterum
700 1596 1076 1644 lucubrationes
1101 1597 1324 1652 obruere,
1349 1594 1456 1651 fuit,
1482 1597 1734 1654 confiteor,

428 1692 665 1742 magnum
691 1677 890 1734 crimen,
924 1676 1096 1740 ingens
1129 1677 1389 1742 pernicies,
1426 1678 1620 1726 facinus
1653 1679 1739 1728 im—

431 1762 647 1826 pudens,
672 1759 853 1808 iniuria
873 1776 974 1808 non
991 1761 1209 1809 ferenda.
1278 1760 1467 1808 Verum
1489 1761 1737 1812 enimvero

424 1859 581 1906 quum
605 1842 740 1891 nullo
779 1859 1000 1906 unquam
1025 1842 1302 1891 christianae
1329 1843 1454 1907 legis
1478 1846 1735 1902 mandato,

427 1926 522 1973 sed
550 1931 830 1989 temporum
863 1925 1030 1988 potius
1058 1924 1255 1974 inscitia
1285 1932 1337 1974 et
1369 1925 1567 1975 miseria
1595 1927 1643 1975 id
1673 1929 1737 1976 ef·

429 2008 616 2060 fectum
635 2007 713 2065 sit,
743 2006 902 2071 siquis
934 2006 1256 2055 nihilominus
1280 2007 1507 2072 religioni
1530 2009 1581 2057 id
1615 2010 1736 2060 vitio

427 2088 590 2146 vertit,
614 2094 703 2137 aut
739 2088 889 2153 plane
913 2088 955 2137 is
981 2088 1167 2154 desipit
1189 2096 1278 2138 aut
1309 2090 1544 2140 intestina
1567 2092 1740 2157 aliqua

429 2171 704 2220 acerbitate
728 2171 942 2220 laborat.

497 2253 599 2303 Sed
621 2271 684 2303 ne
718 2253 926 2302 nimium
957 2253 1117 2302 multa
1139 2254 1410 2317 generatim
1434 2258 1739 2322 complecta-

428 2353 558 2395 mur,
608 2343 762 2400 atque
807 2343 866 2385 ut
920 2337 988 2386 ad
1051 2336 1181 2386 illud
1229 2339 1370 2403 quod
1419 2340 1738 2404 propositum

427 2425 521 2478 est,
560 2419 800 2469 deflectat
832 2419 1022 2479 orati03
1074 2420 1319 2469 scrutanti
1363 2421 1484 2469 mihi
1520 2422 1740 2472 Ambro-

429 2503 582 2551 sianae
613 2502 944 2551 Bibliothecae
977 2504 1167 2552 forulos
1203 2503 1606 2568 antiquissimum
1644 2506 1741 2554 Co-

429 2585 596 2633 dicem
618 2584 898 2634 occurrisse
929 2584 1024 2642 aio,
1064 2602 1216 2650 quem
1249 2603 1409 2651 quum
1449 2587 1740 2650 diligentius

429 2673 580 2716 tantae
614 2667 880 2716 vetustatis
908 2675 1119 2732 aspectu
1153 2669 1418 2733 perculsus
1455 2671 1741 2720 considera-

430 2766 549 2808 rem,
585 2750 719 2799 sensi
739 2749 969 2816 protinus
1000 2768 1111 2800 esse
1149 2769 1306 2800 unum
1345 2770 1409 2801 ex
1444 2753 1506 2801 iis
1541 2754 1640 2817 qui,
1684 2761 1740 2802 ut
