1971 3263
183 685 539 740 IACOBO
600 683 934 738 COMITI
1000 683 1490 738 MELLERIO

479 797 904 835 LONGOBARDICAE
941 796 1171 832 DITIONIS

289 911 515 941 CAESARl-:o
563 909 972 943 QU1NDECEMV1R0
1019 909 1375 941 GUBERNATORI

479 1011 640 1041 SUMMO
674 1010 886 1040 AERARII
919 1009 1179 1040 PRAEFECTO

438 1110 582 1140 ALMAE
628 1110 771 1139 URBIS
800 1110 1213 1140 MEDIOLANENSIS

547 1209 737 1239 LEGATO
771 1209 835 1238 An
868 1209 1099 1239 CAESAREM

657 1308 760 1337 CIVI
795 1309 994 1337 OPTIMO.

628 1526 1022 1550 a

166 1692 495 1770 PRAECLARA
527 1721 616 1764 tua
653 1715 869 1778 dignitas
904 1715 1036 1772 fecit,
1075 1730 1348 1780 meumque
1383 1716 1478 1764 sin-

164 1800 339 1864 gulare
371 1816 490 1864 erga
524 1806 573 1847 te
613 1798 855 1856 studium,
891 1803 947 1846 ut
985 1814 1100 1862 quae
1141 1799 1262 1847 mihi
1300 1816 1478 1864 nuper,

165 1882 326 1931 multo
360 1882 565 1947 quidem
604 1881 979 1946 pretiosissimae
1020 1881 1110 1929 sed
1145 1881 1232 1930 diu
1270 1882 1479 1946 perditae

169 1965 426 2014 Ciceronis
463 1965 684 2029 reliquiae
720 1964 771 2012 in
803 1963 1151 2013 Ambrosianis
1196 1963 1477 2013 Codicibus

166 2048 488 2112 deprehensae
512 2055 646 2106 sunt,
683 2065 767 2096 eas
800 2064 892 2111 ego
933 2064 1034 2096 non
1075 2047 1159 2095 alii
1200 2064 1354 2111 quam
1387 2054 1476 2096 tuo

164 2130 351 2179 nomini
391 2131 652 2195 inscriptas
696 2132 844 2179 edere
891 2132 1083 2180 vellem.
1154 2129 1266 2178 Etsi
1307 2134 1476 2177 autem

165 2213 362 2261 nativus
429 2213 637 2277 quidam
702 2213 850 2260 animi
917 2214 1099 2277 pudor,
1159 2219 1209 2261 et
1276 2213 1474 2261 dudum

165 2303 346 2360 sponte
382 2303 672 2360 susceptum
706 2295 1022 2359 propositum
1062 2296 1374 2344 vehementer
1408 2302 1471 2352 te,

166 2380 436 2442 quominus
476 2380 573 2428 hoc
606 2396 636 2426 a
674 2396 754 2427 me
793 2378 1087 2427 litterarium
1118 2394 1303 2426 munus
1343 2377 1476 2426 exci-

164 2477 324 2525 peres,
378 2463 708 2519 deterrebzmt,
759 2461 923 2510 victus
968 2468 1133 2510 tamen
1191 2468 1300 2509 tum
1350 2461 1474 2509 meis

162 2544 393 2606 precibus
419 2562 487 2602 es,
525 2552 631 2593 tum
655 2545 723 2592 rei
747 2545 911 2602 etiam,
938 2552 995 2593 ut
1018 2553 1158 2609 puto,
1185 2545 1368 2608 insigni
1389 2561 1474 2593 no-

164 2626 355 2675 bilitate
378 2635 531 2691 atque
552 2627 854 2693 praestantia.
926 2627 997 2676 Et
1035 2644 1088 2675 re
1119 2627 1325 2691 quidem
1357 2645 1473 2676 vera

164 2710 396 2770 (fidenter
436 2710 622 2773 dicam)
658 2711 917 2774 quodnam
959 2711 1055 2759 hoc
1092 2717 1238 2758 tuum
1277 2710 1471 2768 fuisset,

166 2790 256 2838 Vir
298 2808 503 2850 summe,
557 2793 819 2850 iudicium,
874 2810 988 2858 quae
1041 2793 1302 2850 sententia,
1358 2810 1473 2857 quae

774 2893 803 2923 a
836 2881 865 2924 2
