1918 3254
224 2053 417 2099 Verburgii

224 2100 323 2134 Edit.
338 2101 374 2134 in

223 2147 282 2180 fol.
299 2148 399 2181 Ams.

223 2194 405 2227 telaedami

222 2239 323 2276 1724.
339 2241 384 2276 N.
396 2245 429 2277 3.

446 251 511 295 54
929 249 1030 284 PRo
1066 248 1279 286 ARcmA.

446 347 711 396 tinendum
774 344 850 393 ius
917 343 1132 394 civitatis
1197 363 1414 396 romanae
1470 353 1762 413 argumenta

447 433 697 487 deessent,
743 426 981 491 quoniam
1026 444 1192 492 neque
1240 430 1427 479 tabulis
1473 431 1763 480 Heraclien-

447 514 579 562 sium
616 512 832 576 probare
875 516 1075 574 poterat
1110 511 1423 561 adscribtum
1459 530 1511 562 se
1548 514 1597 561 in
1633 513 1765 562 ordi-

447 613 562 644 nem
599 594 812 654 civiumg
863 593 1050 658 quippe
1091 594 1397 643 tabularium
1439 595 1670 645 Civitatis
1705 596 1765 645 il-

446 678 544 725 lius
585 682 844 726 exarserat
879 677 1015 726 bello
1053 677 1242 735 sociali,
1279 694 1370 726 nec
1412 677 1546 726 bona
1584 695 1675 726 sua
1710 678 1764 726 in

446 777 649 809 censum
684 760 964 819 detulerat3
1016 777 1131 808 reus
1173 761 1334 808 factus
1368 768 1437 808 est
1470 761 1578 824 lege
1600 760 1765 825 Papia

444 861 556 908 quae
582 845 687 892 lata
718 845 883 891 fuerat
908 843 974 891 ad
995 860 1082 891 eos
1116 843 1438 900 coercendos,
1471 842 1558 906 qui
1580 847 1765 891 temere

445 933 495 976 et
515 926 706 974 inlicite
731 926 983 974 civitatem
1007 942 1264 974 romanam
1301 932 1643 990 usurpassent.
1681 925 1769 974 Fit

444 1026 563 1073 ergo
598 1009 742 1073 quasi
781 1008 1171 1066 coniecturalis,a
1205 1025 1268 1056 an
1300 1009 1586 1056 adscribtus
1620 1008 1684 1058 sit
1715 1009 1767 1057 in

444 1092 702 1142 ordinemb
747 1091 1169 1148 Heracliensium,
1208 1097 1257 1138 et
1296 1108 1359 1138 an
1399 1090 1572 1139 fecerit
1601 1091 1769 1140 omnia

443 1192 558 1240 quae
583 1175 627 1224 is
651 1176 819 1223 facere
843 1175 1081 1232 debuerit,
1114 1173 1201 1236 qui
1226 1180 1360 1220 esset
1390 1190 1418 1220 e
1442 1190 1652 1221 numero
1683 1175 1770 1221 foe-

444 1260 752 1308 deratorum.
824 1258 894 1306 Et
934 1257 1167 1306 deficitur
1201 1254 1410 1318 quidem
1450 1254 1623 1303 multis
1658 1272 1772 1320 pro-

443 1342 774 1402 bationibus3
822 1339 1107 1389 testimonio
1139 1344 1307 1386 tamen
1347 1337 1769 1398 Heracliensium,

442 1432 494 1474 et
525 1426 604 1474 vel
638 1424 871 1481 maxime,
912 1423 1102 1487 quibus
1138 1428 1246 1471 tota
1277 1429 1553 1487 occupatur
1588 1422 1766 1482 oratio,

442 1507 654 1573 poeticae
703 1505 957 1554 facultatis
1006 1511 1056 1554 et
1104 1505 1346 1554 doctrinae
1391 1505 1766 1554 iucundissimae

443 1590 605 1655 gratia
632 1589 825 1638 nititur.
896 1589 996 1637 Est
1036 1588 1201 1645 etiam,
1236 1588 1424 1636 omissa
1459 1588 1765 1648 coniectura,

444 1672 745 1737 disceptatio
782 1689 873 1736 per
910 1671 1067 1736 ipsam
1108 1671 1403 1734 qualitatem
1436 1689 1676 1735 personae,
1713 1682 1767 1721 ut

444 1756 569 1805 civis
590 1773 828 1804 romanus
861 1755 1045 1802 debeat
1074 1754 1321 1818 adoptari,
1347 1754 1540 1803 etiamsi
1572 1755 1623 1803 in
1647 1773 1770 1820 prae-

445 1838 648 1888 teritum
672 1856 774 1888 non
798 1838 863 1887 sit
886 1838 1209 1886 adscribtus.c

958 1953 1258 2002 ORATIO.

517 2053 641 2102 CUM
667 2070 764 2101 RES
792 2052 1095 2102 Affl'rETURd
1120 2068 1262 2102 APUT
1288 2053 1603 2103 PRAETOREM
1632 2052 1765 2105 ΡΒ.

450 2154 818 2186 RECTISSIMUM
846 2154 1037 2186 VIRUM.

516 2221 666 2270 Hanc
707 2221 838 2269 enim
879 2238 1086 2269 causam
1121 2222 1230 2285 lege
1272 2221 1436 2286 Papia
1470 2223 1533 2270 de
1569 2222 1767 2270 civitate

447 2321 655 2353 romana
699 2311 823 2368 aput
869 2304 1114 2358 Quintum
1163 2304 1457 2353 Ciceronem
1503 2304 1632 2352 dixit
1673 2305 1770 2353 Ar-

449 2388 588 2437 chias
646 2387 794 2436 huius
854 2388 946 2436 .M.
1005 2387 1146 2435 Tulli
1191 2389 1428 2436 fratrem.‘³
1504 2388 1768 2452 Quaprop-

495 2535 510 2550 ³
535 2531 615 2565 Nisi
631 2531 742 2564 mavis
759 2530 945 2564 coniectat-ci
960 2529 1012 2573 Iis,
1030 2530 1125 2574 quod
1143 2529 1260 2563 minus
1277 2530 1406 2574 placet.

495 2576 510 2597 ι’
535 2578 661 2611 Codex
677 2578 714 2611 in
731 2578 852 2611 eodem.

495 2629 509 2644 ς
534 2624 624 2658 Cod.
637 2624 798 2658 adsoeizw.

494 2670 509 2690 ¹¹
536 2671 661 2704 Codex
679 2671 843 2717 agitatur.

494 2721 507 2736 θ
534 2717 617 2750 Hoc
634 2728 727 2750 anno
753 2717 859 2750 Urbis
885 2718 1120 2760 ncxc11.(seu
1144 2715 1262 2759 potius
1279 2715 1460 2758 ncxcn1.)‚
1477 2725 1547 2758 quo
1572 2726 1679 2748 causa
1705 2725 1766 2758 pro

448 2762 582 2797 Archia
598 2766 761 2806 perorata
776 2767 841 2803 est,
856 2764 992 2797 notavit
1005 2764 1076 2796 iam
1090 2762 1274 2796 Fabricius
1290 2762 1326 2794 iu
1341 2762 1435 2795 Hist.
1451 2761 1563 2794 Cicer.
1586 2773 1630 2795 cx
1651 2761 1764 2804 Epist.

449 2819 518 2843 ΧΗ.
553 2809 631 2844 Lib.
666 2812 694 2844 1.
728 2809 774 2843 ad
805 2809 916 2844 Attio.
981 2809 1157 2850 Quintum
1190 2808 1398 2842 Ciceronem
1428 2807 1535 2842 fuisse
1566 2812 1766 2853 praetorem.
