1971 3263
725 730 1130 781 EDITORIS
1162 730 1226 779 M
1231 730 1343 779 ΟΝ
1342 730 1382 778 Ι
1381 729 1554 778 TUM
1551 768 1561 777 .

566 1017 633 1061 ΙΝ
671 1016 940 1060 Editionibus
958 1018 1196 1061 brevissima
1215 1024 1410 1073 excerpta
1428 1022 1570 1059 extant
1593 1014 1810 1058 Orationis

515 1090 725 1134 Tullianoe
753 1105 833 1148 pro
859 1090 1034 1145 Scauro,
1062 1092 1147 1133 alia
1175 1106 1270 1134 cum
1299 1090 1474 1133 Asconii
1507 1089 1810 1131 Commentario

507 1172 548 1206 et
568 1171 814 1221 argumento
832 1166 885 1207 ab
905 1166 1044 1207 eodem
1062 1167 1256 1222 conficto,
1286 1165 1370 1206 alia
1390 1178 1445 1206 ex
1472 1163 1599 1204 variis
1614 1161 1811 1203 Auctori-

511 1239 587 1281 bas
606 1239 788 1281 collecta.
850 1237 943 1281 Nos
954 1245 1119 1294 partem
1137 1237 1325 1281 Exordii
1351 1237 1591 1289 invenimus,
1622 1234 1812 1277 Divisio·

509 1326 618 1366 nem,
648 1319 688 1354 et
717 1314 867 1368 priora
885 1314 965 1355 duo
991 1313 1208 1356 Orationis
1226 1311 1424 1363 membra,
1455 1315 1494 1350 et
1530 1309 1705 1364 denique
1735 1306 1812 1370 ali-

510 1391 611 1441 quot
641 1399 767 1441 saper
791 1387 855 1427 his
890 1385 1079 1428 Scholia.-
1109 1399 1203 1439 quoe
1220 1383 1387 1425 Scholia
1418 1388 1560 1423 utrum
1583 1381 1814 1424 Asconium

499 1463 721 1512 parentem
741 1458 932 1511 habeant,
961 1472 1017 1499 an
1050 1457 1181 1498 alium
1208 1457 1390 1512 quemvis
1409 1470 1431 1497 e
1459 1456 1688 1509 Veteribus,
1719 1455 1813 1513 defi-

506 1531 597 1571 nire
614 1530 764 1573 diserte
782 1545 865 1573 non
883 1531 991 1574 licet.
1055 1529 1261 1573 Caeterum
1294 1528 1469 1571 Asconii
1500 1530 1660 1586 cogniti
1693 1526 1814 1570 Com-

506 1605 702 1645 mentarii
734 1605 808 1646 hoc
840 1605 992 1647 habent
1020 1603 1259 1661 proprium,
1290 1608 1337 1643 ut
1369 1603 1547 1644 breviter
1583 1608 1622 1644 et
1655 1602 1816 1643 erudite

510 1682 673 1717 textam
707 1677 932 1732 explicent,
975 1677 1167 1718 historias
1202 1682 1241 1717 et
1277 1676 1589 1717 consuetudines
1626 1687 1816 1716 romanas

511 1748 713 1802 evolvant,
745 1750 810 1790 ius
843 1750 976 1792 lucide
1002 1751 1291 1806 sapienterque
1320 1749 1537 1791 declarent.
1599 1747 1714 1791 Hoec
1731 1763 1816 1790 om-

512 1823 586 1863 nia
605 1822 647 1863 in
666 1822 730 1863 his
749 1823 928 1877 scholiis,
949 1825 1022 1879 qai
1040 1824 1166 1880 leget,
1186 1825 1469 1880 deprehendet.
1504 1822 1695 1866 Ceterum
1711 1823 1824 1879 quod

512 1895 600 1936 hoec
623 1894 791 1937 Scholia
809 1897 946 1938 absint
969 1899 1020 1938 ab
1040 1898 1149 1938 edito
1165 1896 1342 1940 Asconii
1373 1896 1677 1939 Commentario
1701 1910 1819 1939 nemo

513 1968 703 2021 miretur,
733 1982 829 2009 nam
858 1975 897 2010 et
928 1970 1061 2025 ipsius
1101 1970 1318 2012 Orationis
1344 1985 1426 2013 non
1457 1972 1540 2012 nisi
1568 1971 1819 2012 tenuissimae

506 2041 732 2095 particulae
755 2055 850 2083 cam
867 2040 1050 2084 Asconio
1075 2051 1248 2085 servatae
1275 2050 1383 2085 sunt.
1442 2043 1661 2087 Pereunte
1688 2044 1820 2100 igitur

514 2118 634 2156 textu
653 2114 715 2156 nil
730 2117 884 2158 miram
902 2122 961 2158 est
973 2116 1151 2172 periisse
1168 2123 1207 2159 et
1230 2115 1594 2160 Commenta-rium.
