1971 3263
593 327 964 363 mssssn'rA‘rm.
1333 314 1434 363 xvii

128 436 416 485 mendatur:
456 441 486 462 ‘⁶
503 434 630 510 Haec
650 436 860 486 Asconii
883 437 1196 501 Fragmenta,
1222 437 1434 502 quanvis

130 543 160 564 “
183 535 366 600 exigua
390 543 438 584 et
461 537 640 596 lacera,
669 555 782 602 quae
806 539 953 587 nobis
978 539 1172 602 reliqua
1194 544 1435 602 tanquam

128 642 157 663 “
181 653 245 684 ex
289 638 547 699 naufragio
596 646 881 702 supersunt,
932 640 1132 686 abunde
1178 646 1227 686 et
1271 638 1435 701 plane,

127 741 158 762 ‘⁴
184 737 324 799 quod
350 737 500 794 aiunt,
548 737 740 785 leonem
773 754 838 785 ex
871 738 1124 799 unguibus
1149 737 1436 785 ostendunt.

128 840 157 861 “
182 835 308 890 Quae
332 853 447 883 cum
470 835 695 898 legimus,
719 838 1022 901 reliquarum
1040 838 1149 885 eius
1168 836 1440 885 accuratis-

129 938 158 959 “
183 932 419 980 simarum
436 933 841 983 lucubrationum
858 954 1055 985 summo
1072 936 1323 985 desiderio
1338 952 1440 984 non

129 1036 158 1057 “
182 1030 337 1078 teneri
367 1046 467 1078 non
506 1048 792 1094 possumus,
864 1036 1065 1100 Quippe
1087 1036 1170 1097 qui
1198 1037 1304 1082 haec
1329 1035 1441 1100 ipsa

128 1137 157 1158 ‘⁶
182 1131 572 1195 qualiacumque
592 1133 760 1180 adhuc
777 1134 991 1191 fuerunt,
1013 1134 1140 1181 adeo
1160 1133 1441 1181 necessaria

130 1236 159 1257 “
181 1230 534 1293 intelligamus,
571 1237 626 1279 ut
649 1232 756 1280 sine
780 1232 838 1280 iis
863 1233 1024 1280 multa
1051 1233 1244 1296 antiqui
1285 1231 1440 1280 moris

130 1335 160 1356 “
183 1330 425 1387 instituta,
466 1330 724 1379 Ciceronis
759 1331 857 1378 loci
890 1347 990 1379 non
1026 1331 1177 1394 pauci
1213 1330 1442 1379 obscuri-

131 1435 160 1455 “
185 1445 297 1476 ores
334 1428 543 1492 intelligi
581 1436 846 1492 nequeant.
918 1431 1000 1476 Ac
1026 1429 1349 1477 vehementer
1372 1446 1443 1477 er-

131 1534 161 1554 “
183 1544 293 1574 rare
317 1544 427 1574 eum
453 1527 517 1575 sit
541 1544 759 1585 necesse,
798 1528 885 1591 qui
905 1527 1202 1576 Paedianum
1223 1544 1322 1575 non
1339 1528 1444 1575 fue-

131 1633 161 1654 “
184 1626 249 1673 rit
272 1632 492 1674 secutus.
564 1628 766 1682 Quanto
803 1627 937 1674 bono
971 1627 1314 1675 Ciceronianae
1351 1627 1445 1676 lec-

131 1732 161 1753 “
183 1725 332 1774 tionis
357 1725 596 1773 studiosis
620 1731 766 1782 esset,
805 1726 846 1772 si
869 1725 1015 1773 nobis
1040 1726 1120 1773 hic
1151 1726 1344 1789 integer
1374 1726 1446 1774 di-

131 1829 162 1851 “
184 1823 368 1871 vinitus
400 1822 675 1886 aliquando
710 1823 912 1871 tandem
947 1824 1177 1872 daretur!
1217 1825 1358 1889 quod
1388 1832 1446 1873 ut

132 1929 162 1949 “
186 1922 237 1970 in
261 1922 436 1970 ceteris
461 1929 538 1970 est
561 1922 801 1971 Veterum
822 1923 1158 1970 monumentis
1184 1923 1447 1987 deploran-

134 2027 163 2048 “
189 2021 326 2078 dum,
348 2021 420 2068 sic
438 2021 488 2067 in
504 2022 600 2069 hoc
618 2022 695 2069 vel
713 2022 972 2070 maxime.'’
1008 2022 1248 2087 Denique
1268 2024 1445 2073 laudes

133 2120 348 2171 Asconii
371 2121 420 2168 in
444 2121 744 2185 praefatione,
785 2137 938 2185 quam
969 2121 1013 2168 ei
1050 2122 1303 2185 praemisit,
1336 2124 1447 2170 fuse

131 2220 453 2286 persequitur
470 2220 772 2268 Franciscus
797 2219 1168 2278 Hotomannus‚
1195 2222 1282 2285 qui
1298 2238 1449 2270 cunc·

133 2327 212 2369 tos
237 2320 471 2369 Editores
506 2321 556 2368 in
589 2321 686 2368 hoc
723 2320 979 2384 Scriptore
1015 2321 1329 2369 emendando
1363 2321 1448 2369 de-

137 2420 478 2484 clarandoque
501 2420 649 2483 longe
673 2420 958 2484 superavit.t

186 2673 196 2692 ⁸
219 2673 346 2707 Obiter
360 2672 420 2707 hic
435 2684 565 2707 moneo
581 2684 638 2707 me
656 2672 843 2707 Editiones
859 2674 941 2704 octo
958 2670 1104 2704 Asconii
1126 2672 1306 2703 tractasse.
1354 2668 1455 2702 Prin-

140 2718 258 2763 cipem
271 2719 452 2753 Venetam
469 2721 551 2754 anui
580 2728 847 2754 mccchxxvu.
896 2717 1102 2751 Proximam
1133 2716 1217 2749 huic
1244 2715 1456 2750 Patavinam

141 2774 451 2800 uccchxxxxm.
484 2767 679 2800 Parisiacas
693 2775 814 2800 mnxx.
832 2767 869 2798 et
887 2773 1077 2798 MDxxxvi.
1110 2762 1280 2796 Aldinam
1303 2770 1456 2796 mnxxn.

140 2811 313 2854 Lugduni
331 2812 457 2846 Batav.
476 2822 670 2848 MDCLxxv.
704 2812 871 2855 Denique
896 2811 934 2844 in
954 2809 1131 2853 Operibus
1162 2808 1343 2844 Ciceronis
1369 2808 1457 2843 Am-

143 2857 453 2893 stelaedamensem
468 2868 675 2895 Mtoccxxw.
701 2861 737 2893 ct
754 2856 962 2892 Patavinam
983 2865 1164 2890 nuceum.

739 2936 943 3037 Bssl
