1971 3263
605 302 974 341 DISSERTATm.
1348 288 1452 340 xliii

206 405 350 457 XVI.
375 407 488 471 Age
505 425 622 456 vero
637 415 738 457 tam
755 409 946 457 nobiles
967 423 1274 456 summorum
1290 407 1454 473 Scrip-
1468 414 1677 496 ωξίίἱιὸιοὲὶέ

148 516 313 558 torum
358 507 749 566 lucubrationes,
805 525 962 572 quum
998 509 1059 556 ad
1101 508 1285 556 iustum
1338 508 1453 556 libri
1471 506 1675 553 haecopera

150 610 360 657 formam
397 608 726 671 digessissem,
767 608 917 656 nullis
962 625 1046 656 eas
1085 625 1232 673 porro
1272 608 1454 657 criticae

147 708 268 756 artis
284 709 586 756 ornamentis
600 707 926 755 instruerem?
949 707 1050 755 Sed
1068 709 1231 755 nudas
1246 709 1453 767 hiantes,

149 808 467 870 tenebrisque
503 808 582 855 vix
619 807 844 871 depulsis
881 807 1202 854 caecultantes
1233 807 1282 854 in
1318 807 1458 855 illus-

147 907 413 954 trissimam
436 905 587 952 huius
623 905 792 953 saeculi
827 906 994 954 lucem
1029 906 1341 954 emitterem?
1393 905 1456 954 Id

146 1022 300 1069 quum
338 1005 612 1052 absurdum
645 1004 766 1051 mihi
800 1004 1066 1062 videretur,
1104 1004 1234 1068 coepi
1258 1022 1341 1052 eas
1363 1021 1456 1069 pro

149 1122 270 1154 meae
310 1104 603 1153 eruditionis
651 1104 862 1168 copiolis
906 1121 1079 1167 presse
1118 1103 1318 1167 quidem
1367 1105 1456 1152 sed

148 1210 385 1253 accurate
403 1203 643 1267 expolire.
714 1203 895 1268 Itaque
913 1210 964 1251 et
978 1203 1185 1267 singulis
1206 1202 1456 1251 Tullianis

152 1298 477 1352 orationibus
493 1302 670 1350 saltem
685 1302 899 1359 ineditis,
917 1302 1166 1351 Monitum
1186 1303 1456 1367 praeposui,

150 1403 199 1452 in
222 1420 324 1468 quo
346 1403 593 1465 cuiusque
614 1402 881 1460 historiam,
920 1403 1252 1460 occasionem,
1280 1419 1460 1466 propo-

150 1503 401 1565 situmque
418 1503 606 1552 evolvo.
674 1503 806 1550 Tum
830 1503 1086 1568 perpetuis
1105 1502 1460 1550 Adnotationi-

151 1603 245 1650 bus
283 1602 419 1666 ipsas
458 1601 712 1650 Ciceronis
754 1602 1040 1650 Particulas
1076 1608 1126 1650 et
1167 1601 1458 1664 Interpretis

152 1701 592 1758 Commentarium,
644 1701 861 1765 primum
913 1701 1114 1764 quidem
1160 1717 1189 1747 a
1232 1702 1460 1765 pluribus

152 1801 532 1848 amanuensium
570 1806 793 1848 veterum
818 1801 1011 1848 mendis
1036 1818 1211 1865 purgo,
1250 1808 1359 1849 tum
1399 1803 1463 1850 de

156 1899 361 1948 Codicis
429 1900 814 1965 palaeographia,
878 1901 1140 1949 vocabulis
1209 1902 1464 1949 interdum

154 1999 311 2056 noviS‚
360 2000 510 2047 rebus
556 2000 776 2064 denique
829 2001 1025 2048 cunctis
1079 2001 1463 2049 notabilioribus

155 2099 370 2147 lectores
406 2100 665 2148 admoneo.
744 2100 982 2148 Lacunas
1006 2100 1213 2164 aliquod
1238 2100 1464 2148 minimas

157 2199 378 2256 Codicis,
417 2199 609 2247 voculis
648 2199 919 2248 interiectis
950 2200 1222 2263 (distinctis
1247 2206 1412 2246 tamen
1436 2215 1466 2246 a

156 2306 321 2348 vetere
346 2300 508 2361 textu)
534 2299 731 2363 expleo.
811 2298 881 2346 Et
915 2298 1036 2363 quia
1059 2299 1109 2346 in
1135 2298 1338 2362 Scripto
1361 2304 1465 2346 tam

158 2416 348 2448 annoso
386 2406 436 2446 et
472 2398 689 2461 abrupto
728 2397 888 2445 multa
922 2398 1138 2446 obscura
1160 2414 1269 2445 esse
1294 2396 1468 2445 sentie-

156 2500 290 2556 bam,
322 2499 373 2546 id
398 2514 602 2561 quoque
636 2498 822 2553 curavi,
859 2504 914 2545 ut
947 2498 1213 2562 implorata
1246 2496 1466 2545 historiae

158 2604 210 2645 et
244 2598 530 2661 philologiae
568 2614 675 2662 ope,
717 2598 1022 2645 mediocrem
1046 2597 1089 2644 ei
1112 2597 1278 2644 lucem
1301 2613 1469 2661 asper-

159 2713 339 2760 gerem.
427 2698 559 2751 Quia
582 2715 699 2746 vero
723 2698 920 2746 nullum
943 2697 1248 2761 Scriptorem
1272 2696 1469 2744 eviden-

157 2796 261 2844 tius
296 2797 536 2861 explicari
566 2798 867 2856 iudicabam,
905 2814 1059 2863 quam
1096 2813 1211 2845 cum
1246 2796 1354 2861 ipse
1389 2795 1468 2844 sui
