1918 3254
656 377 884 413 MILOle·
1359 374 1422 418 33

114 483 188 532 sic
237 481 638 544 interrogabatur
683 481 967 545 inquirente
1014 482 1306 528 accusatore
1358 494 1421 525 an

114 565 281 614 omnia
304 565 584 613 secundum
620 565 783 627 legum
805 562 1098 627 praescripta
1119 559 1328 624 gesserit
1360 560 1418 617 is,

112 648 195 695 cui
230 647 416 695 crimen
445 647 831 695 intendebatur.a
898 645 1023 693 Erat
1057 645 1153 692 alia
1180 651 1421 708 praeterea

109 730 428 792 interrogatio
455 730 670 785 testium,
707 728 967 792 sicutipse
994 727 1084 776 .M.
1111 726 1313 774 Tullius
1339 725 1417 774 .P.

109 811 365 860 Vatinium
388 820 562 860 testem
580 811 916 874 interrogavit.
972 810 1185 875 Proprie
1202 826 1419 872 namque

106 895 428 956 interrogatio
445 895 721 951 dicebatur,
750 911 853 958 qua
875 900 1027 941 testes
1052 892 1420 956 redargueban-

105 986 204 1025 tur.
274 975 446 1024 Tertia
481 978 586 1024 haec
622 984 699 1024 est
735 976 1075 1039 interrogandi
1110 976 1319 1040 species,
1361 982 1419 1022 ut

109 1061 282 1112 Sinnio
307 1058 568 1124 Capitonib
592 1059 801 1114 videtur,
830 1059 1081 1122 pertinens
1107 1059 1172 1105 ad
1199 1058 1417 1106 officium

106 1152 155 1193 et
191 1142 610 1192 consuetudinem
649 1141 967 1189 senatoriam.
1040 1141 1256 1195 Quando
1289 1139 1417 1186 enim

107 1227 291 1290 aliquis
333 1224 629 1274 sententiam
676 1223 789 1272 loco
832 1241 924 1272 suo
969 1224 1067 1271 iam
1114 1223 1323 1279 dixerat,
1371 1227 1420 1269 et

106 1310 233 1359 alius
275 1315 452 1373 postea
496 1307 827 1369 interrogatus
870 1308 1103 1369 quaedam
1149 1306 1419 1354 videbatur

104 1393 175 1441 ita
213 1392 429 1447 locutus,
478 1396 537 1437 ut
580 1389 806 1436 refutarie
846 1406 998 1453 posse
1034 1388 1308 1436 iustissime
1346 1386 1416 1434 vi-

106 1477 354 1531 derentur,
398 1473 690 1537 postulabat
728 1471 814 1518 ille
856 1471 944 1534 qui
984 1471 1082 1519 iam
1122 1469 1416 1518 sententiam

105 1558 316 1614 dixerat,
357 1565 411 1604 ut
450 1556 545 1604 sibi
577 1555 746 1602 liceret
769 1554 1086 1616 interrogare,
1130 1553 1226 1600 hoc
1258 1558 1334 1599 est
1366 1550 1420 1598 il-

102 1640 207 1688 lum
232 1640 544 1702 redarguere,
572 1637 715 1684 cuius
740 1634 983 1683 sententia
1001 1634 1049 1681 in
1076 1633 1246 1681 multis
1271 1632 1417 1696 quasi

102 1722 323 1770 mendax
346 1727 395 1768 et
416 1719 727 1768 calumniosa
757 1717 990 1780 redargui
1025 1723 1212 1781 posset.
1282 1715 1418 1769 Quo-

102 1804 236 1853 niam
272 1820 389 1867 ergo
414 1802 612 1850 dixerat
639 1800 850 1850 Clodius
870 1807 920 1847 et
941 1799 1107 1847 minus
1131 1799 1415 1862 professum

105 1885 215 1934 aeris
234 1885 382 1933 alieni
406 1884 648 1933 Milonem
656 1919 865 1931 .....

608 2056 910 2105 ORATIO.

105 2206 263 2217 .....
287 2181 633 2214 ADVERSARII.

170 2250 324 2299 Nunc
365 2250 430 2297 ad
472 2249 607 2296 aliud
652 2247 858 2296 transit:
907 2263 968 2294 an
1011 2244 1140 2293 Milo
1182 2261 1273 2308 per
1312 2244 1411 2291 vim

102 2335 265 2382 facere
291 2339 514 2381 conetur.
586 2330 653 2379 Et
678 2331 774 2378 hoc
807 2328 1033 2376 similiter
1067 2326 1317 2384 refutavit,
1357 2335 1414 2374 ut

103 2417 263 2466 omnis
287 2416 386 2464 ista
405 2414 627 2479 suspicio
652 2420 701 2460 et
723 2411 910 2460 invidia
924 2411 974 2458 in
996 2409 1234 2458 Clodium
1257 2417 1413 2458 retor-

148 2581 163 2597 ⁸
179 2576 309 2610 Confer
321 2576 415 2610 hunc
430 2576 547 2609 locum
566 2585 648 2608 cum
664 2572 819 2607 Asconio
836 2572 879 2605 ad
893 2581 915 2605 1.
934 2572 1014 2605 Act.
1033 2571 1069 2604 in
1081 2569 1183 2603 Verr.
1201 2580 1235 2614 p.
1247 2573 1303 2603 44.
1317 2574 1354 2603 ct
1367 2569 1413 2602 ad

103 2624 185 2658 Lib.
203 2633 240 2656 ιι.
257 2624 294 2657 in
313 2622 479 2656 eumdem
496 2622 597 2654 Verr.
615 2632 647 2664 p.
667 2622 743 2653 113.

150 2669 164 2689 ¹²
181 2669 324 2703 Sinnius
346 2669 474 2712 Capito
491 2668 684 2711 saepissime
700 2666 737 2698 in
752 2676 789 2698 re
806 2664 1038 2708 grammatica
1063 2663 1193 2697 citatur
1208 2662 1305 2706 apud
1327 2663 1414 2696 Fes-

102 2719 192 2749 tum.
240 2716 328 2749 Eius
350 2715 529 2758 Epistolas
556 2713 677 2747 laudat
695 2712 831 2745 Gellius
850 2712 929 2744 Lib.
947 2721 982 2744 v.
999 2721 1076 2754 cap.
1092 2719 1155 2743 xx.
1181 2714 1217 2742 et
1235 2718 1314 2743 xxr.
1363 2709 1413 2743 Et

104 2762 248 2805 quidem
260 2771 423 2805 cap.xx1.
436 2761 522 2794 dicit
534 2762 579 2794 de
593 2770 635 2793 eo
649 2771 658 2794 ε
676 2762 696 2776 “
713 2758 825 2792 Sinnii
836 2757 1018 2801 Capitonis
1027 2756 1221 2790 doctissimi
1236 2756 1296 2787 viri
1311 2756 1412 2798 Epis-

102 2812 124 2826 ‘·'
141 2809 223 2841 tolae
242 2812 407 2841 suntuuo
419 2807 456 2840 in
472 2807 560 2841 libro
573 2807 708 2849 multae,
725 2805 860 2849 opinor,
878 2804 1000 2848 positae
1019 2803 1055 2836 in
1074 2803 1204 2847 templo
1222 2803 1356 2836 Pas-iss·

151 2860 164 2876 θ
190 2855 278 2890 Cod.
293 2854 456 2896 refutare.

741 2914 774 2944 D
