1971 3263
1125 275 1171 325 iv

492 392 666 440 mens?
703 392 741 440 si
769 393 889 440 dum
914 392 1073 439 bonas
1109 393 1302 441 litteras
1335 398 1650 457 cunctasque
1673 399 1804 441 artes

491 475 721 522 liberales
759 481 896 521 tanto
934 490 1102 521 amore
1144 476 1477 538 prosequeris,
1515 476 1804 540 Principem

493 556 658 619 ipsum
699 573 840 620 paene
876 556 1095 603 omnium
1139 557 1422 605 studiorum
1460 560 1553 606 sub
1595 567 1684 606 tua
1723 575 1807 605 au-

495 636 656 700 spicia
694 638 973 686 venientem
1015 640 1302 703 repulisses.
1375 639 1492 688 Hoc
1533 641 1806 704 praesertim

495 728 736 783 tempore,
776 738 879 784 quo
904 730 1110 786 propter
1134 723 1454 785 gravissimas
1488 724 1808 771 tractationes

495 802 585 849 tibi
617 820 645 849 a
669 802 843 850 Patria
881 804 1192 861 commissas,
1231 806 1338 853 dux
1378 804 1470 852 tibi
1508 805 1716 868 quidam
1758 814 1810 852 et

496 892 677 932 auctor
713 902 843 948 opus
889 895 979 943 est,
1031 886 1460 950 consiliorumque
1503 895 1552 934 et
1597 903 1809 951 operum

496 969 815 1016 moderator:
855 969 941 1032 qui
964 969 1005 1017 si
1028 987 1091 1016 ex
1115 969 1346 1017 omnibus
1383 987 1514 1017 unus
1551 971 1809 1033 optandus

498 1052 574 1107 sit,
621 1068 773 1114 quem
818 1068 934 1099 cum
980 1051 1151 1099 Tullio
1199 1053 1424 1100 conferre
1471 1053 1652 1116 possis,
1707 1070 1807 1101 non

498 1134 723 1181 habebis.
795 1134 896 1182 Hic
937 1134 1066 1182 enim
1103 1135 1176 1181 vir
1214 1152 1276 1182 ex
1317 1134 1548 1182 omnibus
1591 1135 1807 1183 romanis

497 1217 707 1280 ingeniis
755 1217 1012 1281 sapientiae
1054 1214 1269 1265 maxime
1308 1218 1692 1281 prudentiaeque
1736 1234 1810 1265 or-

499 1300 744 1347 namentis
769 1294 1059 1347 abundavit.
1132 1296 1232 1347 Hic
1258 1304 1335 1348 est
1359 1300 1447 1362 qui
1474 1307 1674 1362 togatus
1699 1317 1813 1349 con-

501 1383 579 1429 sul
607 1383 770 1430 divina
796 1383 945 1430 animi
972 1382 1032 1438 vi,
1068 1383 1428 1444 profundoque
1453 1384 1631 1431 mentis
1656 1383 1813 1432 consi-

499 1466 567 1513 lio
591 1472 642 1513 et
666 1466 801 1527 leges
828 1465 1043 1528 optimas
1065 1464 1196 1521 tulit,
1222 1471 1272 1511 et
1288 1466 1702 1528 tranquillitatem
1723 1456 1812 1531 pu-

499 1549 686 1597 blicam
726 1547 859 1602 fovit,
901 1553 951 1594 et
988 1546 1256 1609 impiorum
1298 1549 1559 1596 audaciam
1594 1549 1811 1613 infregit,

501 1648 714 1694 eamque
740 1629 1144 1685 dominationem,
1184 1628 1334 1690 cujus
1359 1632 1480 1679 fines
1507 1638 1580 1679 tot
1606 1633 1813 1681 fortissi-

500 1710 568 1761 mi
599 1714 924 1777 imperatores
949 1719 1091 1758 terrae
1121 1717 1171 1758 et
1197 1712 1304 1759 caeli
1332 1711 1618 1776 regionibus
1650 1714 1814 1763 termi-

500 1802 754 1852 naverant,
791 1795 900 1859 ipse
947 1812 1078 1842 unus
1118 1811 1274 1859 prope
1314 1796 1514 1844 inermis
1555 1814 1584 1844 a
1622 1798 1811 1846 nefario

501 1879 875 1928 coniuratorum
902 1883 1085 1926 conatu
1112 1883 1306 1926 tutatus
1331 1885 1419 1927 est.
1490 1879 1597 1928 Iam
1619 1880 1812 1929 Tullia-
1868 1920 1869 1923 η

499 1980 575 2011 11ae
613 1962 793 2010 mentis
833 1961 997 2024 imago
1031 1961 1080 2008 in
1121 1961 1228 2008 eius
1269 1962 1543 2024 praesertim
1581 1963 1812 2011 orationi-

498 2047 595 2094 bus
630 2052 784 2102 extat,
822 2045 872 2092 iu
909 2044 1093 2108 quibus
1130 2044 1214 2092 ille
1246 2045 1373 2092 adeo
1409 2058 1616 2092 suorum
1653 2045 1812 2094 consi-

498 2128 681 2176 liorum
719 2141 878 2190 genus
924 2127 1162 2191 explicat,
1210 2129 1338 2175 adeo
1384 2127 1586 2192 op-timae
1631 2129 1811 2192 guber-

499 2210 713 2259 nationis
753 2212 963 2258 formam
1002 2209 1271 2266 constituit,
1311 2216 1367 2257 ut
1399 2211 1485 2274 qui
1506 2211 1811 2274 praestantis-

499 2293 654 2341 simus
701 2292 991 2357 reipublicae
1039 2309 1224 2357 praeses
1269 2292 1375 2340 fieri
1420 2293 1566 2350 volet,
1621 2293 1662 2341 is
1705 2311 1806 2341 rem

499 2376 701 2423 abunde
725 2375 1007 2432 confecerit,
1046 2375 1087 2423 si
1113 2391 1228 2423 suas
1248 2375 1426 2437 agendi
1452 2375 1809 2440 cogitandique

497 2458 711 2506 rationes
750 2459 813 2505 ad
852 2454 1146 2506 Tullianum
1186 2459 1444 2522 exemplar
1478 2460 1809 2507 conformave-

497 2540 575 2587 rit.
649 2540 863 2588 Cuinam
912 2540 1066 2602 igitur
1112 2540 1461 2604 opportunius,
1501 2556 1653 2604 quam
1700 2541 1806 2598 tibi,

497 2623 722 2670 nondum
742 2623 972 2686 vulgatas
995 2623 1252 2671 Ciceronis
1274 2623 1538 2671 Orationes
1558 2623 1808 2671 dicarem?

499 2704 696 2769 Quippe
719 2705 769 2752 in
792 2705 1013 2754 inaximo
1032 2705 1181 2763 bello,
1219 2722 1321 2768 quo
1347 2704 1558 2770 Europa
1578 2706 1806 2754 universa

498 2804 658 2852 nuper
694 2788 936 2836 convulsa
969 2794 1060 2847 est,
1098 2805 1256 2852 quum
1288 2789 1394 2837 haec
1426 2788 1571 2836 etiam
1603 2789 1807 2837 nobilis-
