1971 3263
583 316 650 353 ET
684 315 973 353 cumoNEM.
1370 315 1430 359 19

165 414 300 465 Pan
318 424 464 464 QUEM
483 425 791 462 nommssus
807 426 1104 460 MAIORIBUS
1122 426 1264 461 NArn
1282 426 1353 461 NE
1370 427 1429 460 IN

119 514 234 546 sms
255 512 464 546 QUIDEM
491 510 735 551 PRAEDIIS,
769 509 910 542 'rime
935 509 1043 542 CUM
1070 493 1244 543 Rom
1269 510 1432 544 mnu,

116 595 332 636 AGITUR,
360 594 554 627 LICEAT
580 593 701 626 EssE
721 591 1165 627 VALETUDINIQUE
1187 593 1430 626 SERVIRE.

184 662 438 725 Congesta
462 669 512 709 et
535 661 742 725 copiosa
765 659 989 707 defensio
1015 661 1160 708 estin
1183 661 1297 725 ipsa
1319 678 1435 726 pro-

117 745 365 810 positione
384 764 395 793 :
432 751 489 792 ut
510 759 683 792 eorum
708 743 932 791 moribus
955 743 1079 791 nihil
1102 751 1333 808 oporteat
1356 761 1437 792 ex-

117 829 356 893 probari,a
379 827 466 891 qui
489 833 624 875 certo
644 832 869 889 tempore
892 826 1007 874 anni
1027 826 1255 875 salubres
1275 844 1436 892 aquas

118 917 308 974 petant.
400 908 494 956 Vel
541 910 664 972 quia
709 916 856 956 aetate
896 910 1120 974 provecti
1166 910 1279 967 sint,
1323 927 1436 975 quae

117 992 270 1039 ferme
291 991 528 1038 valetudo
547 1007 725 1053 parum
751 991 852 1038 fida
876 998 981 1039 est:
1018 992 1096 1039 vel
1120 992 1242 1056 quia
1263 993 1312 1040 in
1334 993 1438 1040 suis

115 1073 319 1139 praediis
355 1074 692 1129 demorentur,
720 1074 861 1136 quod
896 1082 972 1122 est
1004 1074 1238 1138 legitimae
1262 1076 1441 1123 hones-

118 1155 269 1204 tatis:
322 1156 399 1204 vel
436 1156 558 1219 quia
595 1172 652 1204 eo
698 1162 935 1220 tempore,
980 1174 1083 1221 quo
1122 1158 1223 1206 sint
1262 1158 1439 1206 Romae

122 1238 289 1287 omnia
324 1238 649 1302 quietissima,
689 1239 871 1303 nequis
908 1240 1006 1288 hoc
1043 1240 1109 1287 ad
1144 1240 1441 1304 fugiendum

121 1321 344 1370 laborem
382 1322 601 1369 civilium
636 1338 803 1370 rerum
848 1323 1015 1370 facere
1050 1322 1311 1371 videatur:
1362 1323 1439 1371 vel

125 1406 265 1469 quod
305 1405 371 1452 sit
411 1405 545 1452 omni
591 1405 742 1452 modo
786 1404 1062 1451 valetudini
1105 1405 1439 1462 serviendum,

126 1504 239 1551 quae
274 1504 373 1536 non
408 1488 572 1535 minus
611 1488 736 1552 ipsis
770 1487 1099 1543 senatoribus,
1126 1504 1280 1550 quam
1318 1488 1440 1550 reip.

123 1569 403 1616 necessaria
440 1570 518 1626 sit,
546 1577 604 1617 ut
639 1569 818 1618 fortius
858 1569 1052 1633 possint
1089 1570 1226 1617 obire
1255 1570 1440 1627 munia,

125 1667 239 1714 quae
263 1653 483 1712 gerenda
506 1658 638 1696 suut.

189 1732 285 1780 ITA
323 1747 448 1779 Fun*
484 1746 669 1788 CAECUS‚
697 1746 766 1778 UT
803 1747 992 1780 FACILE
1022 1748 1343 1781 APPARERET
1369 1750 1424 1780 VI

125 1829 274 1862 nissi:
298 1830 408 1862 EUM
432 1828 572 1863 QUOD
599 1829 691 1860 FAS
718 1828 828 1862 NON
856 1815 1116 1864 FUISSET.b

195 1897 279 1946 De
302 1896 444 1961 Appi
467 1896 600 1944 enim
636 1895 772 1944 Caeci
796 1897 983 1945 familia
1016 1915 1173 1961 genus
1197 1899 1441 1947 trahebat.

129 1980 199 2030 Et
221 1979 526 2044 praecipitem
552 1979 724 2026 volens
760 1978 1041 2042 significare
1065 1988 1217 2044 atque
1241 1988 1446 2030 temera-

129 2064 274 2119 rium,
321 2061 563 2125 resculpit
607 2061 859 2109 infamiam
898 2062 1032 2110 illius
1070 2063 1263 2121 incesti,
1303 2065 1445 2129 quod

129 2145 308 2194 fecisse
325 2144 570 2208 inOperto
589 2144 743 2192 Bonae
767 2144 891 2192 Deae
905 2145 1184 2203 videbatur,
1206 2163 1310 2209 quo
1325 2147 1444 2195 viris

127 2229 323 2294 ingredi
344 2244 445 2276 nou
463 2227 659 2275 liceret:
718 2227 864 2291 quasi
896 2244 1095 2291 poenam
1121 2228 1341 2276 criminis
1366 2229 1444 2276 sui

129 2311 270 2359 luere
290 2310 389 2358 iam
414 2309 623 2374 coeperit
643 2308 767 2357 nihil
790 2309 1102 2374 providendo
1128 2311 1266 2374 quod
1291 2310 1442 2359 dicat.

179 2505 195 2523 ⁸
218 2503 275 2537 Sic
292 2503 381 2536 Cod.
398 2503 460 2536 sed
476 2502 604 2536 melius
620 2502 716 2535 dices
732 2500 939 2548 ezprobrare‘.
987 2500 1083 2534 Vide
1104 2504 1224 2534 tamen
1238 2504 1274 2534 et
1288 2512 1324 2545 p.
1340 2504 1398 2537 36.

181 2547 197 2569 '³
220 2549 332 2583 Hunc
358 2550 476 2583 locum
502 2549 655 2582 illustrat
693 2548 821 2600 Cicero
827 2595 834 2600 ”
845 2548 890 2601 de
916 2547 1072 2601 quusp.
1099 2547 1207 2591 Resp.
1236 2557 1346 2582 xvm.
1382 2547 1444 2592 qui

132 2594 1075 2685 22‘1525332502‘1’33222332-23}52‘2523'3131’p23212231tsz.“
1090 2594 1293 2681 Qum
1309 2596 1444 2677 3ξὲῑέ

136 2686 160 2704 “
185 2697 284 2721 sacra
294 2688 354 2721 ina
364 2688 417 2721 vir
429 2689 544 2722 sciens
555 2689 702 2729 viderat,
716 2691 755 2721 ut
769 2688 957 2732 quisquam
969 2698 1127 2731 poenam,
1143 2697 1223 2731 quae
1239 2692 1447 2732 sequeretur

137 2732 160 2749 “
183 2732 272 2767 illud
287 2735 412 2775 scelus,
428 2735 516 2769 scire
540 2737 682 2778 posset?
714 2734 774 2768 An
792 2734 857 2767 tibi
873 2733 1016 2768 luminis
1031 2734 1172 2768 obesset
1190 2734 1332 2770 caecitas
1347 2737 1445 2780 plus·

135 2778 159 2796 “
184 2789 291 2823 quam
315 2780 492 2815 libidinis!
526 2781 584 2814 Ne
607 2781 644 2814 id
669 2781 814 2825 quidem
838 2780 958 2823 sentis,
982 2781 1213 2816 conniventes
1226 2781 1305 2816 illos
1321 2783 1443 2817 oculos

137 2826 159 2842 “
185 2825 279 2859 atavi
294 2826 347 2860 tui
359 2827 471 2870 magis
485 2827 660 2872 optandos
675 2827 780 2862 fuisse
791 2827 822 2859 ?”

747 2878 838 2921 02
