1918 3254
346 270 441 316 124
843 273 901 307 IN
925 272 1201 308 VATINIUM.

341 387 492 434 quam
518 371 709 419 bellum
734 371 876 420 civile
896 371 1111 437 Pompei
1129 371 1407 423 et-Caesaris
1424 376 1663 424 exardes-

332 462 491 502 ceret.
532 454 629 501 Hic
650 454 798 517 igitur
822 454 1018 504 Paulus
1043 472 1281 504 accusare
1302 455 1583 506 instituerat
1597 458 1660 506 de

339 537 386 585 vi
408 536 774 604 .L*.Catilinam‚
802 544 864 595 et,
887 539 1160 602 utquiclam
1177 539 1425 587 memoriae
1439 541 1659 590 tradide-

338 626 468 676 runt,
509 618 584 667 .C.
610 620 903 684 Cethegum.
977 621 1079 669 Sed
1116 622 1244 670 enim
1286 622 1504 671 Catilina
1543 625 1662 674 defi-

339 702 474 750 ciens
492 703 554 750 ab
578 721 682 768 rep.
711 722 764 752 se
786 706 849 752 ad
872 722 1010 753 arma
1034 707 1332 755 contulerat.
1394 705 1654 770 Cethegus

338 802 540 849 quoque
571 788 621 834 in
651 789 829 836 eadem
851 789 1210 838 coniurationeh
1246 795 1545 838 consumtus
1562 795 1655 837 est.

402 869 788 920 SPOLIARETUR
811 888 1101 921 BENEFICIO
1118 889 1185 920 ET
1203 888 1484 922 AEQUITATE
1504 887 1661 920 LEGIS

335 952 478 1000 TUAEJ

400 1035 587 1098 Legem
613 1037 819 1101 quidem
845 1039 973 1086 hanc
997 1055 1096 1087 non
1122 1039 1504 1104 improbabilem
1527 1039 1659 1087 vide·

332 1121 482 1169 batur
499 1122 558 1170 P.
582 1123 816 1171 Vatinius
838 1123 887 1170 in
908 1123 1162 1170 tribunatu
1204 1139 1296 1170 suo
1337 1139 1651 1186 perrogasse,

331 1210 390 1251 ut
425 1204 731 1253 alternorum
778 1205 1012 1253 Indicum
1071 1206 1257 1254 reiecto
1308 1207 1461 1253 fieret.
1554 1204 1656 1253 Sed

331 1295 480 1335 acute
520 1288 741 1335 detrahit
787 1295 838 1336 et
877 1288 1080 1336 laudem
1121 1304 1275 1351 quam
1317 1289 1381 1335 de
1417 1287 1655 1351 aequitate

329 1370 726 1434 legisconsequi
760 1378 970 1435 poterat,
998 1388 1057 1419 eo
1090 1371 1282 1420 scilicet
1305 1371 1446 1434 quod
1483 1370 1652 1434 egerit,

328 1461 384 1501 ut
425 1453 498 1502 .C.
542 1454 811 1510 Antonius,
851 1455 939 1518 qui
978 1454 1188 1517 Collega
1213 1454 1304 1502 .M.
1329 1453 1470 1501 Tulli
1495 1455 1656 1503 fuerat

327 1536 379 1584 in
403 1537 685 1593 consulatu,
714 1545 828 1585 ante
864 1555 980 1586 reus
1018 1540 1171 1595 fieret,
1198 1536 1556 1586 accusantibus
1575 1537 1654 1592 .Q.

329 1619 489 1668 Fabio
517 1619 748 1669 Maximo
779 1627 830 1669 et
877 1621 967 1669 .M.
1011 1621 1165 1670 Caelio
1208 1621 1361 1678 Rufo,
1388 1637 1541 1684 quam
1567 1621 1650 1681 lex

327 1701 533 1750 Vatinia
597 1702 660 1751 de
717 1703 984 1753 reiectione
1030 1704 1256 1752 iudicum
1316 1703 1648 1768 perferretur:

324 1792 385 1834 ut
406 1791 578 1849 posset
600 1785 889 1850 aequissimo
924 1787 1112 1836 iudicio
1149 1803 1265 1835 reus
1291 1786 1550 1835 Antonius
1590 1804 1650 1839 ea

373 2009 389 2032 ¹¹
414 2012 504 2045 Cod.
514 2013 792 2057 perseveratione,
819 2013 913 2056 quod
931 2013 1159 2047 retinendum
1176 2024 1246 2047 non
1264 2013 1462 2049 videbatur.
1511 2015 1562 2050 Et
1579 2017 1607 2049 C
1612 2028 1647 2050 c-

325 2057 423 2102 thegi
439 2059 583 2102 quidem
599 2059 810 2103 supplicium
829 2063 948 2093 narrat
958 2061 1146 2094 Sallustius
1163 2060 1253 2094 Bell.
1302 2061 1407 2095 Catil.
1424 2072 1458 2105 p.
1472 2064 1529 2097 50.

371 2105 378 2124 ¹'
403 2106 509 2138 Hauc
527 2106 640 2148 legem
660 2106 693 2137 V
697 2106 843 2138 ¹ttiuiani
860 2107 1015 2150 appell-11
1032 2107 1100 2140 hoc.
1123 2108 1201 2141 loco
1217 2108 1344 2141 Ciceio
1358 2108 1398 2142 de
1412 2108 1499 2142 alim
1501 2120 1555 2143 ms
1566 2121 1644 2143 con-

323 2151 395 2185 sillz'
385 2163 412 2185 s
437 2151 636 2185 reiiczendze.
686 2152 756 2192 Qu·
759 2164 778 2184 e
797 2156 917 2185 autem
944 2153 1017 2186 sint
1031 2153 1162 2187 alterna
1185 2154 1324 2188 consilia
1340 2157 1447 2198 negat
1477 2165 1514 2188 se
1538 2166 1643 2199 posse

324 2198 505 2242 explicare
519 2198 697 2231 Antonius
710 2199 936 2241 Augustinus
949 2201 994 2233 ad
1017 2200 1108 2233 hanc
1128 2201 1254 2244 legem.
1305 2200 1442 2234 Veium
1458 2212 1505 2235 ex
1521 2206 1642 2236 nostro

324 2244 484 2288 Iuterpn
488 2248 521 2276 tc
536 2248 633 2288 patet
651 2245 717 2278 hoc
743 2245 820 2278 loco
838 2245 924 2279 nihil
953 2247 1050 2280 aliud
1065 2246 1214 2280 indicari
1230 2247 1297 2281 nisi
1313 2247 1464 2281 altenwi
1466 2260 1520 2282 um
1544 2248 1643 2282 Incli-

322 2291 648 2325 camreicctionem.
700 2291 789 2324 Rem
812 2292 957 2335 optime,
988 2296 1028 2326 ut
1053 2293 1139 2326 mihi
1156 2294 1305 2336 videtur,
1327 2295 1468 2338 explica
1495 2295 1642 2338 Pighius

322 2337 1024 2383 Auna1.Tom.111.p.354:“Legem
1049 2340 1270 2374 iudmiariam
1287 2340 1371 2374 tulit
1385 2341 1442 2384 (P.
1460 2341 1643 2385 Vatinius)

322 2385 406 2417 “de
420 2385 516 2417 alter·
511 2395 563 2417 ms
591 2383 730 2418 iudiciis
754 2385 965 2427 muniendis,
992 2390 1033 2419 ut
1057 2397 1136 2419 cam
1153 2388 1309 2431 appellat
1335 2387 1472 2429 Cicero,
1496 2399 1568 2431 qua
1579 2399 1640 2422 reo

321 2431 539 2478 “amotique
568 2431 720 2464 (labzwlui
735 2432 871 2465 alterna
886 2429 1030 2466 reiectio
1046 2433 1215 2467 iudicum.
1264 2433 1384 2474 Quam
1411 2434 1527 2477 legem
1556 2445 1639 2468 cum

321 2469 522 2541 ΖγηοωιιΙς,
520 2488 582 2510 355
569 2482 622 2510 561
638 2478 671 2509 X
675 2490 708 2510 -ι
698 2478 816 2519 iuius,
833 2478 922 2513 etc.
941 2479 1139 2513 A·nto›1un1
1151 2481 1349 2524 paulopost
1361 2491 1460 2513 reum
1478 2481 1636 2515 futumm

359 2524 526 2566 cognoxis
514 2528 594 2563 set,
622 2535 659 2557 o)
658 2535 751 2567 :upec
739 2506 826 2557 ⁴axi't
850 2526 887 2558 in
915 2536 957 2558 ea.
984 2537 1019 2569 pl
1011 2526 1193 2559 wfcmnda
1223 2527 1337 2560 donec
1360 2527 1539 2560 Antonius
1555 2538 1636 2561 rcus

321 2571 467 2610 “fieret,
492 2571 633 2614 legique
661 2574 739 2604 tum
772 2571 909 2604 addidit
940 2572 1176 2613 liminioueni,
1208 2576 1248 2606 ut
1275 2574 1496 2606 solummodo
1525 2573 1568 2607 de
1593 2574 1635 2608 iis

318 2618 477 2659 “posset
503 2616 662 2660 intelligi,
694 2628 844 2661 (illorum
868 2619 1012 2652 nomina
1036 2624 1116 2662 post
1146 2630 1226 2652 eam
1253 2620 1361 2652 latam
1387 2620 1637 2654 deferrenturss’

322 2662 569 2696 Reiectionem
597 2663 756 2697 indicum
785 2665 1002 2698 alternorum
1028 2670 1203 2699 memorat
1221 2665 1347 2699 Cicero
1363 2665 1472 2698 etiam
1490 2666 1527 2699 in
1544 2666 1634 2701 Orat

314 2720 382 2755 pro
398 2708 544 2742 Plancio
561 2719 612 2744 xl.
629 2721 709 2755 quae
740 2711 887 2754 quidem
904 2711 1026 2745 Oratio
1051 2712 1148 2745 (licta
1170 2711 1236 2745 tuit
1252 2723 1346 2745 auno
1363 2712 1408 2745 U.
1412 2712 1452 2746 C.
1470 2722 1568 2747 Delo.
1583 2714 1634 2746 xi·-

320 2755 451 2790 delicet
465 2755 588 2799 quinto
605 2759 686 2800 post
706 2756 844 2791 Vatinii
867 2757 1118 2803 Tribunatum,
1134 2768 1205 2803 qua
1228 2760 1405 2803 potestate
1422 2769 1532 2803 quum
1554 2761 1633 2795 tun-

316 2805 472 2846 geretur,
485 2802 616 2836 tulerat
630 2813 709 2837 cam
722 2804 840 2847 legem
855 2804 890 2838 V
893 2804 1032 2838 atiuius.
