1918 3254
433 215 524 260 142
992 216 1173 251 INDEx.

948 319 1046 347 mor:
1589 310 1591 313 ’
1634 319 1728 346 mot

430 361 549 406 Leges
562 359 736 400 Cornelia,
754 358 956 402 Calpurnia,
1116 357 1238 393 Civica
1263 367 1393 392 corona
1417 357 1461 392 de
1483 357 1639 401 gramine

475 408 595 441 Tullia
606 407 648 440 de
667 405 802 439 ambitu
821 428 921 439 .....
928 408 985 448 70,
1001 408 1045 440 71
1160 405 1233 438 fieri
1250 404 1353 438 solita
1370 428 1632 440 ............
1664 407 1731 439 106

431 454 580 488 Notitas
607 452 789 485 Ciceionis
810 462 831 484 a
851 451 958 496 pluri·
1117 451 1250 486 Poema
1279 451 1459 484 Ciceronis
1492 452 1537 484 de
1577 462 1640 485 suo

478 501 543 533 bus
559 502 679 532 notata
687 521 952 534 ............
1003 500 1049 532 ’73
1163 497 1349 530 consulatu
1365 497 1482 530 minus
1494 498 1640 541 dignum

430 545 646 580 Humilitare
667 568 952 580 .............
1004 546 1050 578 75
1163 543 1244 576 talis
1261 543 1323 577 viri
1339 544 1480 576 nomine
1489 567 1636 578 .......
1666 546 1732 578 107

431 592 656 625 Demeritum
691 615 954 626 ............
1006 593 1050 624 ’76
1119 589 1412 633 compensatis-us
1420 613 1636 625 ..........
1666 592 1733 624 108

433 638 494 672 Ex
514 638 602 671 urbe
630 639 764 671 Asculo
791 638 961 682 principia

478 684 561 717 belli
577 684 716 717 socialis
731 687 900 718 arserunt.

435 729 476 765 C.
494 730 644 764 Gracchi
665 731 843 764 Orationis
857 731 902 763 de
918 729 962 764 Ie-

476 776 576 822 gibns
606 776 832 823 promulgatis
854 777 963 820 Frag-

479 826 639 857 mentum
649 846 958 859 ..............
1008 825 1054 858 77

433 869 479 904 L.
495 869 709 913 Calpurnius
721 870 854 911 Bestia,
872 869 962 910 etQ.

479 915 652 950 :Metellus
668 917 787 960 Nepos
811 917 963 950 fautores

482 962 655 995 Catalinae
693 986 959 998 ............
1010 965 1055 996 79

435 1008 558 1042 Sensio
581 1032 958 1046 .................
1011 1012 1056 1043 80

436 1055 646 1098 Cognomen
660 1055 831 1100 Torquati
846 1056 951 1089 unde.

435 1100 634 1136 vincenter
650 1127 958 1137 ..............
1011 1103 1053 1136 81

436 1147 579 1182 Latinae
603 1148 698 1182 feriae
716 1160 737 1182 a
753 1149 964 1193 quibusnam

483 1193 654 1228 institutae
673 1219 960 1230 .............
1011 1196 1056 1228 89

437 1239 618 1274 Feriarum
651 1242 839 1274 latinarum
862 1241 966 1274 sacri-

484 1286 564 1319 ficio
578 1297 652 1319 mos
666 1288 809 1330 petendi
824 1297 966 1320 carnem

484 1343 530 1365 ex
548 1333 688 1365 Albano
704 1338 824 1366 monte
833 1356 933 1366 .....
941 1335 996 1373 89,
1012 1334 1058 1365 90

437 1376 696 1411 Testimonium
716 1379 884 1422 perfidere
904 1404 913 1413 .
928 1402 937 1410 .
950 1403 960 1411 .
1013 1382 1055 1412 91

437 1423 482 1457 Τ.
498 1424 649 1467 Ampius
663 1425 886 1463 candidatus.
898 1425 968 1458 suf-

484 1470 657 1514 fragatore
680 1472 762 1505 licet
786 1472 968 1515 Pompeio,

485 1518 662 1560 repulsam
677 1518 741 1551 fe1t
764 1542 934 1552 ........
942 1520 998 1559 91,
1015 1520 1061 1552 92

440 1563 485 1597 C.
510 1563 618 1597 Marii
649 1564 743 1607 fuga,
771 1565 913 1606 reditus,
933 1567 970 1597 et

487 1611 657 1653 septimus
641 1612 913 1645 consulatus..
927 1613 999 1648 .92,
1016 1613 1060 1644 93

442 1655 487 1696 Q.
502 1657 672 1691 Metellus
685 1657 844 1692 Creticus
862 1681 963 1692 .....
1014 1659 1061 1691 94

440 1702 633 1738 Vivaeiter.

447 1749 538 1783 Cato
554 1754 677 1784 contra
689 1751 868 1784 Caesarem
881 1750 971 1795 pub-

486 1796 682 1830 licanorum
707 1801 892 1840 patronum
920 1796 971 1829 di-

489 1853 573 1875 cens
590 1843 683 1877 diem
699 1847 814 1877 totum
828 1843 971 1886 prolixi-

488 1891 562 1921 tate
579 1890 745 1932 orationis
760 1889 967 1933 occupavit.
1017 1892 1063 1923 95

443 1934 659 1978 Legationes
675 1936 718 1969 ab
737 1936 892 1969 externis
911 1946 972 1978 po-

488 1982 581 2025 pulis
611 1983 727 2015 missae
760 1982 971 2015 ordinaban-

489 2032 548 2060 tur
562 2038 624 2071 pro
642 2029 821 2062 voluntate
848 2038 973 2060 consu-

489 2074 563 2107 lum
587 2098 966 2109 .................
1018 2077 1063 2108 97

444 2120 569 2154 Cicero
586 2121 719 2154 facetus
728 2145 967 2156 ...........
1019 2124 1064 2155 98

445 2167 525 2201 Lex
557 2166 708 2201 Caesaris
736 2167 892 2201 consulis
927 2168 974 2201 ad

490 2213 758 2257 publicanorum
786 2214 974 2248 commoda

490 2260 669 2303 pertinens
681 2284 966 2298 .............
1019 2264 1065 2295 99

445 2305 526 2338 Lex
540 2306 680 2340 Licinia
695 2308 822 2342 acerba
841 2331 967 2342 ......
1000 2310 1065 2342 100

446 2351 643 2387 Licentius.

446 2398 723 2443 Praescriptivus.

447 2444 572 2478 Cicero
601 2446 787 2480 Vatinium
815 2446 973 2481 defendit

491 2491 528 2524 in
545 2503 652 2535 causa
668 2492 712 2525 de
729 2493 912 2527 Sodaliciis
933 2518 942 2527 .
958 2518 966 2526 .
1000 2497 1060 2527 101

446 2537 565 2574 Locus
582 2539 626 2573 de
641 2539 786 2584 ingratis
794 2564 966 2576 ........
1000 2544 1065 2576 105

927 2705 935 2722 1
951 2707 954 2710 .

1119 636 1243 669 Cicero
1255 636 1406 670 Romulo
1416 641 1649 680 comparatus

1120 683 1300 717 Ciceronis
1327 683 1364 716 in
1390 682 1572 716 movendis
1597 682 1645 716 at'-

1165 729 1315 763 fectibus
1331 729 1543 772 praestantia.

1122 775 1281 810 Libellus
1297 775 1475 809 Ciceronis
1501 775 1647 819 inscrip-

1167 825 1241 857 tus:
1274 822 1433 856 Edictum
1454 822 1496 855 L.
1514 821 1648 855 Rae-ilii

1168 869 1311 903 Tribuni
1323 868 1427 914 plebis
1445 891 1568 903 ......
1579 871 1655 911 109,
1673 869 1740 903 110

1122 916 1166 950 In
1188 917 1321 959 templo
1344 915 1500 948 Honoris
1517 918 1554 947 et
1568 914 1650 948 Vir-

1169 963 1255 996 tutis
1271 962 1411 995 videtur
1435 965 1554 994 aetum
1580 961 1649 1005 pri-

1169 1019 1268 1042 mum
1283 1009 1327 1042 de
1343 1007 1564 1041 restitutione
1590 1007 1649 1040 Ci-

1169 1055 1304 1088 ceronis
1313 1077 1644 1088 ...............
1675 1055 1743 1089 110

1123 1101 1334 1146 Apollonius
1350 1101 1451 1134 Molo
1470 1101 1650 1133 Ciceronis

1169 1152 1366 1191 praeceptor
1381 1169 1644 1180 ............
1676 1148 1743 1180 112

1125 1193 1314 1226 Candidati
1336 1192 1554 1225 obliniebant
1578 1202 1652 1225 cer-

1171 1250 1184 1271 x
1193 1239 1284 1271 icem
1301 1237 1381 1272 alba
1393 1241 1490 1271 creta
1498 1262 1646 1273 .......
1677 1240 1742 1274 113

1125 1285 1304 1318 Ciceronis
1334 1284 1459 1327 ingens
1495 1284 1653 1330 Epistola

1171 1331 1210 1364 de
1223 1330 1393 1364 consulatu
1407 1342 1465 1364 sno
1480 1331 1526 1364 ad
1546 1331 1652 1366 Pom-

1170 1377 1281 1423 peium
1289 1401 1573 1412 .............
1583 1380 1661 1421 113,
1679 1380 1746 1414 114

1127 1424 1170 1464 Q.
1201 1424 1341 1458 Metelli
1370 1424 1551 1458 Numidici
1579 1425 1654 1458 exi-

1172 1471 1259 1504 lium
1267 1494 1647 1506 .................
1677 1473 1744 1506 116

1129 1517 1369 1557 Quaestorium
1386 1518 1472 1561 quid
1489 1518 1543 1551 sit.

1128 1564 1304 1598 Romulus
1329 1568 1365 1597 et
1392 1563 1527 1597 Remus
1541 1565 1656 1609 auspi-

1173 1614 1296 1645 cantes
1316 1634 1649 1646 ...............
1680 1613 1750 1646 122

1129 1658 1225 1691 sElia
1241 1660 1276 1691 et
1292 1658 1394 1691 Fufia
1408 1668 1480 1691 non
1497 1667 1568 1690 una
1593 1658 1657 1691 sed

1175 1705 1256 1737 duae
1274 1705 1381 1747 leges.

1130 1750 1413 1783 Commentarius
1420 1750 1586 1794 antiquus
1597 1750 1659 1794 qui

1176 1796 1293 1829 extitit
1303 1797 1339 1829 in
1350 1797 1448 1830 Orat.
1459 1809 1522 1842 pro
1530 1796 1660 1833 Sextio,

1129 1843 1265 1876 Vatinii
1283 1843 1413 1876 tribuni
1445 1843 1505 1876 lex
1535 1843 1580 1875 de
1609 1843 1660 1876 al-

1175 1893 1357 1922 ternorum
1372 1890 1532 1922 iudicum
1550 1891 1660 1922 reiec-

1176 1936 1272 1968 tione
1299 1959 1652 1970 ................
1683 1938 1750 1971 124

1131 1982 1301 2025 Cognitor
1313 1983 1404 2015 idest
1416 1983 1577 2016 defensor
1597 2005 1606 2014 .
1618 2006 1629 2017 .
1641 2007 1652 2018 .
1684 1986 1751 2021 130

1132 2029 1288 2065 Clodius,
1315 2029 1408 2069 Piso,
1431 2031 1467 2062 et
1487 2029 1659 2062 Gabinius

1178 2075 1340 2108 Catilinae
1354 2076 1604 2109 adsentatores.

1133 2122 1227 2165 Sylla
1251 2125 1473 2155 accusatores
1499 2131 1661 2155 comove-

1178 2169 1241 2201 bat
1256 2172 1291 2202 et
1307 2168 1480 2202 invitabat
1495 2168 1542 2201 ad
1566 2168 1662 2201 dela-

1179 2215 1311 2248 tionem
1320 2237 1655 2250 ...............
1687 2216 1750 2249 133

1134 2260 1227 2294 Iuba
1251 2273 1316 2295 rex
1339 2262 1499 2305 Pompeii
1515 2262 1662 2303 amicus,

1180 2311 1217 2340 et
1233 2308 1368 2341 Caesari
1389 2309 1522 2342 invisus
1531 2331 1656 2342 ......
1686 2308 1754 2342 134

1133 2354 1288 2388 Trahere
1317 2355 1541 2399 suspiconem
1568 2354 1664 2398 apud

1181 2401 1345 2444 aliquem.

1136 2446 1217 2480 Rex
1240 2448 1385 2481 Attalus
1407 2447 1563 2492 Scipioni
1587 2446 1666 2480 Nu·-

1180 2494 1350 2527 mautiam
1366 2493 1586 2539 oppugnanti
1602 2493 1664 2526 do-

1181 2551 1226 2575 na
1245 2541 1340 2576 misit
1349 2564 1659 2577 ..............
1691 2541 1756 2576 135
