1918 3254
581 301 647 337 ET
682 283 966 337 CURIONEM.
1371 301 1429 343 21

195 396 277 446 Tu
301 410 392 447 QUI
418 411 649 446 INDUTUS
676 413 941 446 MULIEBRI
968 412 1133 445 VESTE
1157 403 1388 445 remus.a

193 480 409 529 Videtur
426 481 555 529 enim
577 481 790 530 Clodius
808 480 983 528 habitu
1005 480 1232 527 muliebri
1252 496 1430 527 sexum

128 562 366 610 mentitus
389 570 678 626 penetrasse
701 564 905 612 domum
933 561 1007 610 .C.
1035 561 1262 620 CaesariS‚
1285 569 1343 610 ut
1363 563 1432 610 in-

128 651 320 693 cestum
337 647 433 693 sub
452 646 629 693 fraude
644 644 987 693 committeret.
1017 645 1078 692 Id
1095 644 1432 703 describitur,b

125 734 185 776 ut
201 728 368 776 omnia
392 728 645 775 linimenta
663 727 990 792 turpitudinis
1016 728 1331 790 detegantur.

195 810 318 859 CUM
338 817 660 859 CALAUTICA⁰
678 826 859 858 CAPITI
881 826 1407 861 ACCOMMODARETUR.

189 891 208 916 ‘³
225 892 524 956 operimenti
551 909 722 955 genus,
749 910 852 956 quo
885 893 1077 941 feminae
1116 893 1283 957 capita
1304 894 1433 941 vela·

124 976 246 1023 bant
279 974 376 1023 hoc
410 974 610 1023 nomine
644 975 910 1023 ferebatur.
983 975 1051 1023 Et
1071 975 1311 1023 Afranius
1335 992 1432 1023 me-

123 1056 267 1105 minit
323 1056 374 1104 in
425 1055 751 1105 Consobrinis
802 1057 871 1104 ita
926 1057 1123 1106 dicens:
1199 1065 1227 1084 “
1269 1058 1430 1106 CUM

123 1138 454 1197 MITHRIS,
499 1138 1010 1188 CALAUTICIS.”⁶
1077 1139 1432 1204 Inpudieoigi-

120 1228 206 1270 tur
227 1222 401 1270 habitu
425 1222 755 1271 erubescendi
780 1223 975 1271 decoris
1000 1223 1234 1288 quaedam
1269 1225 1430 1285 figura

123 1303 441 1352 describitur.
512 1304 684 1368 Atque
702 1305 772 1353 ita
795 1322 848 1353 se
873 1312 922 1353 et
941 1305 992 1353 in
1015 1305 1223 1354 historia
1241 1311 1431 1369 tempo-

123 1384 190 1433 ris
227 1385 378 1433 huius
415 1386 819 1434 commemoratio
861 1388 1027 1435 habet.
1100 1387 1174 1436 .C.
1214 1388 1428 1436 Caesaris

123 1467 386 1517 Pontificis
429 1467 643 1515 Maximi
684 1468 921 1517 Praetoris
957 1469 1092 1517 domi
1128 1469 1428 1517 sacrificium

121 1550 363 1613 sollemne
397 1566 488 1614 pro
524 1550 714 1614 populo
748 1552 912 1599 fiebat.
985 1551 1104 1600 Huc
1139 1552 1213 1599 vir
1248 1559 1427 1600 ornatu

121 1632 352 1680 muliebri
378 1633 518 1696 quod
555 1632 824 1690 introierat,
860 1634 1160 1681 sacrificium
1187 1634 1428 1682 instaura-

120 1720 228 1762 tum
251 1720 341 1762 est.
413 1713 517 1761 Res
543 1714 609 1762 ad
634 1722 862 1763 senatum
886 1717 1053 1764 delata
1085 1722 1177 1764 est.
1248 1716 1426 1764 Patres

123 1796 412 1845 Conscribti
437 1797 779 1855 decreverunt,
811 1806 866 1846 ut
897 1800 959 1846 de
996 1817 1053 1846 ea
1074 1815 1127 1847 re
1150 1815 1251 1846 non
1288 1799 1428 1846 aliter

122 1895 276 1944 quam
299 1880 363 1929 de
379 1879 573 1929 incestu
593 1888 923 1946 quaereretur„
978 1881 1055 1930 Eo
1080 1880 1287 1931 crimine
1311 1898 1430 1928 reus

165 2131 181 2147 ²
205 2127 368 2162 Clodium
385 2128 436 2162 ita
449 2127 615 2161 indutum
638 2126 804 2171 graphice
821 2127 990 2161 describit
1007 2125 1130 2160 Cicero
1148 2125 1255 2158 etiam
1272 2125 1308 2158 in
1327 2125 1425 2159 Orat.

120 2174 166 2207 de
183 2174 339 2218 Harusp.
356 2174 464 2217 Resp.
481 2183 561 2207 xxi.

166 2218 182 2249 ¹’.
204 2219 403 2264 spatiolum
415 2220 623 2263 relinquitur
639 2220 675 2253 in
692 2220 836 2253 Codice.

164 2270 178 2286 ⁰
203 2265 377 2301 Calantica
408 2277 480 2300 non
508 2265 682 2300 Calantica
711 2264 769 2299 hic
793 2271 829 2299 et
853 2265 996 2299 inferius
1019 2265 1128 2299 habet
1152 2265 1277 2298 Codex
1309 2267 1428 2297 noster

119 2312 394 2356 antiquissimus.
444 2313 492 2346 Et
515 2312 659 2356 quidem
684 2312 734 2345 ita
764 2312 870 2345 etiam
899 2313 1074 2356 Ulpianus
1096 2312 1132 2344 iu
1160 2310 1318 2354 Digestis
1345 2311 1428 2343 Plo-

118 2358 273 2393 rentinis.
310 2359 406 2394 Vide
422 2359 590 2392 Vossium
603 2359 640 2392 in
653 2358 806 2401 Etymol.
821 2362 856 2391 et
873 2359 1043 2392 Vinctum
1060 2358 1095 2390 in
1109 2358 1202 2391 notis
1228 2357 1273 2390 ad
1289 2357 1426 2390 Auson.

118 2404 277 2439 Perioch.
301 2416 337 2440 v.
364 2405 546 2449 Odysseae.
594 2406 702 2438 Porro
726 2404 1038 2438 Glossariioeteris
1055 2404 1229 2448 expositio
1246 2402 1426 2443 calauticoe,

120 2461 160 2493 ut
175 2459 220 2493 sit
233 2451 327 2495 εἶδος
347 2452 474 2498 ζωνης,
492 2461 596 2504 plane
618 2460 786 2494 refellitur
811 2471 831 2493 a
855 2465 973 2494 nostro
1000 2460 1274 2501 Commentan‘o,
1299 2460 1362 2493 ubi
1378 2460 1410 2494 fe
1411 2479 1429 2489 -·

118 2504 224 2540 minae
240 2505 406 2539 dicuntur
420 2505 487 2539 hac
502 2507 672 2540 velavisse
688 2507 814 2550 capita.

163 2549 180 2572 ‘²
203 2551 365 2596 Spatium
381 2555 436 2586 est
458 2553 495 2586 in
521 2553 664 2596 Codice,
688 2553 785 2597 quod
805 2553 1012 2596 replendum
1035 2553 1238 2597 putavimus
1256 2551 1429 2586 vocabulo

204 2597 324 2639 'noenti‚
339 2599 406 2637 vel,
423 2598 532 2642 siquis
547 2600 658 2642 malit,
675 2599 872 2639 ornamenti,
887 2602 949 2633 aut
961 2611 1047 2633 soce
1064 2600 1218 2643 aliqua
1199 2609 1324 2631 ffraeca.

163 2647 178 2665 ‘
201 2624 367 2678 Afranius
388 2644 547 2678 Terentii
569 2657 671 2690 paene
696 2646 853 2689 aequalis,
879 2646 1161 2690 elegantissimus
1186 2645 1251 2678 luit
1271 2644 1350 2687 'gso
1337 2647 1427 2676 rata-

117 2700 197 2723 rum
221 2690 376 2734 scriptor.
437 2691 481 2724 In
507 2692 584 2725 eius
607 2693 812 2736 fragmentis
838 2703 916 2736 quae
942 2695 1141 2736 supersunt,
1161 2691 1350 2724 laudantur
1365 2691 1426 2723 ali-

119 2739 208 2779 quot
221 2735 290 2769 loci
305 2746 352 2769 ex
367 2736 614 2773 Consobrinis:
652 2750 774 2774 verum
791 2739 848 2772 hic
864 2742 939 2771 erat
955 2739 1070 2774 adhuc
1087 2738 1251 2774 ineditus.
1301 2737 1398 2770 Cede
1381 2748 1426 2771 ο).

120 2785 238 2815 autem
253 2782 433 2817 evidenter
449 2783 555 2818 habet
572 2785 706 2819 mithris
707 2796 802 2829 ,non
822 2785 902 2818 nii-cr
905 2785 941 2818 is.
