1971 3263
655 287 1021 324 mssnn'rssm.
1440 270 1492 318 ix

189 394 372 451 imium‚
407 392 490 442 hic
508 391 630 440 mihi
655 397 820 440 tamen
841 407 944 439 suae
969 387 1146 438 Gentis
1170 386 1365 437 videtur
1395 401 1497 435 non

190 493 471 543 secundum
492 492 580 540 sed
599 491 809 539 alterum
829 491 999 537 decus,

252 593 315 641 V.
353 593 522 649 Nunc,
561 598 616 639 ut
640 591 804 638 dicam
840 589 888 636 in
913 586 1084 652 primis
1104 588 1168 634 de
1190 602 1357 634 amore
1379 583 1497 632 deli-

189 692 383 757 ciisque
422 690 605 738 nostris
645 689 902 744 Cicerone,
941 702 1114 750 quaeso
1158 703 1188 732 a
1222 685 1495 733 lectoribus

187 791 311 840 meis
334 808 395 838 ne
419 789 537 837 mihi
558 796 740 852 negent
779 789 908 835 hanc
949 786 1153 843 veniam,
1193 792 1249 833 ut
1283 785 1496 832 alterum

184 890 281 938 hoc
305 889 570 937 Inventum
600 904 766 934 meum
800 885 946 933 bouis
978 884 1159 933 litteris
1196 900 1499 947 magnopere

185 988 420 1052 gratuler,
472 992 522 1034 et
563 986 612 1034 in
652 985 811 1033 Tullii
850 985 1115 1048 praeconia,
1154 1002 1267 1048 quae
1309 983 1500 1031 infinita

186 1103 296 1136 esse
318 1092 546 1151 possunt,
582 1101 754 1132 rursus
778 1100 1066 1132 excurram:
1104 1083 1245 1130 cuius
1281 1081 1499 1130 disertis-

189 1185 299 1234 simi
333 1184 441 1232 Viri
479 1200 636 1247 quum
670 1200 827 1247 nuper
871 1189 968 1230 tres
1009 1182 1273 1230 Orationes
1319 1181 1500 1244 partim

191 1284 392 1334 omnino
412 1283 698 1346 deperditas
724 1283 841 1340 luci,
878 1289 1126 1346 quantum
1150 1283 1222 1330 fas
1250 1282 1357 1338 fuit,
1394 1281 1502 1329 red-

190 1383 483 1440 diderimus,
507 1383 688 1446 partim
712 1383 907 1431 hiantes
932 1382 1298 1447 expleverimus
1320 1400 1332 1441 3
1367 1397 1501 1430 nunc

191 1484 342 1532 trium
366 1484 575 1531 aliarum
598 1484 746 1548 plane
766 1482 913 1531 nobis
937 1490 1217 1547 ereptarum
1252 1498 1351 1529 non
1382 1496 1503 1545 pau-

190 1598 277 1630 cas
301 1581 587 1629 Particulas
613 1582 676 1629 ab
699 1581 867 1628 inferis
892 1580 1077 1645 pariter
1100 1580 1396 1628 excitamus.
1435 1579 1504 1628 Et

191 1679 448 1728 Orationis
484 1679 687 1742 quidem
724 1695 781 1726 IN
815 1679 1067 1729 CLODIUM
1104 1697 1171 1728 ET
1208 1680 1501 1728 CURIONEM

188 1784 267 1827 tot
305 1778 610 1841 Fragmenta
655 1778 1092 1841 deprehendimus,
1129 1785 1252 1842 quot
1296 1779 1396 1825 fere
1437 1778 1502 1825 ad

191 1879 598 1942 cognoscendum
622 1877 778 1926 totius
800 1876 982 1941 Operis
1007 1893 1206 1924 cursum
1231 1875 1502 1923 sufficiunt.

191 1976 443 2025 Orationis
461 1983 626 2025 autem
651 1994 719 2026 DE
739 1992 854 2024 AERE
876 1990 1078 2023 ALIENo
1100 1973 1357 2022 M1M0N1s
1383 1990 1504 2039 pau-

192 2076 330 2124 ciora
368 2092 500 2132 sane,
561 2075 650 2123 sed
697 2092 754 2123 eo
801 2075 1111 2138 pretiosiora,
1171 2075 1310 2137 quod
1353 2074 1501 2122 huius

192 2176 366 2240 scripti
381 2175 607 2223 Tulliani
622 2192 683 2223 ne
708 2174 946 2223 memoria
964 2173 1182 2237 quidem,
1209 2180 1267 2220 ut
1291 2173 1409 2228 dixi,
1437 2173 1503 2221 ad

192 2291 284 2324 nos
308 2280 615 2340 pervenerat.
685 2274 786 2329 Qui
818 2290 946 2321 unus
972 2273 1226 2336 Repertus
1252 2273 1503 2320 sufficeret

193 2374 261 2422 ad
283 2374 443 2422 aetatis
468 2381 648 2422 nostrae
668 2374 966 2436 singularem
992 2372 1280 2421 felicitatem
1304 2372 1410 2419 iure
1444 2388 1503 2420 ac

193 2472 370 2522 merito
403 2474 792 2537 praedicandam.
865 2472 1100 2536 Denique
1128 2489 1284 2536 quum
1312 2471 1504 2519 Oratio-

195 2572 271 2621 nis
294 2588 362 2621 DE
390 2588 532 2621 REGE
570 2573 977 2622 ALEXANDRINO
1014 2588 1144 2618 unus
1175 2577 1368 2618 tantum
1399 2587 1504 2619 ver-

196 2688 283 2720 sus
317 2673 586 2731 exstaret,''
618 2673 765 2722 nobis
799 2679 850 2721 et
884 2672 1054 2735 plures
1081 2670 1352 2719 Particulae
1384 2677 1503 2719 sunt

390 2847 404 2869 δ
429 2849 475 2883 V.
491 2849 672 2884 Monitum
689 2862 710 2884 a
723 2850 825 2885 nobis
842 2850 874 2884 ei
892 2849 1052 2884 Orationi
1068 2850 1309 2896 praepositum.

1524 593 1717 637 Fragmen-

1513 643 1628 674 torum
1657 639 1717 673 Ci-

1513 686 1647 721 ceronis

1514 730 1718 779 praestantia
