1971 3263
758 332 858 367 PRo
881 332 1089 370 TULLIO.
1517 332 1582 376 27

266 431 466 481 daciam
486 430 831 495 improborum
858 430 1143 487 sustulisse,
1181 444 1296 476 cum
1334 443 1473 492 spem
1498 428 1584 476 de-

269 514 503 563 fensionis
527 514 718 561 nullam
736 512 1086 577 relinquisset.i

336 597 588 652 Quoniam
613 599 753 660 quod
776 597 1018 656 iudicium
1040 603 1089 644 et
1114 612 1215 659 quo
1241 595 1450 643 consilio
1470 611 1585 643 con·

266 679 502 728 stitutum
544 680 608 728 sit
652 679 906 742 cognostis
929 698 941 738 ς
990 696 1122 726 nunc
1166 696 1271 726 rem
1316 679 1476 742 ipsam
1524 686 1582 726 ut

265 769 408 826 gesta
446 764 522 820 sit,
570 764 688 810 dun]
726 762 942 809 breviter
978 762 1120 809 vobis
1153 763 1462 818 demonstro,
1511 768 1588 808 at·

265 845 468 896 tendite.
541 845 778 892 Fundum
814 845 968 892 habet
997 845 1047 892 in
1080 861 1198 907 agro
1223 843 1481 907 Thyrinok
1508 843 1583 893 Μ.

265 926 468 978 Tullius
492 933 769 990 paternum,
799 927 1218 991 Recuperatores,
1244 944 1394 990 quem
1422 944 1475 974 se
1494 928 1584 974 ha-

265 1009 383 1058 bere
407 1026 572 1072 usque
596 1026 654 1057 eo
673 1027 772 1057 non
796 1010 1007 1058 moleste
1027 1011 1158 1066 tulit,
1186 1012 1347 1058 donec
1365 1010 1584 1059 vicinum

265 1092 511 1141 eiusmodi
546 1100 724 1140 nactus
760 1099 850 1148 est,
886 1092 973 1155 qui
1006 1093 1110 1155 agri
1142 1095 1263 1140 fines
1299 1094 1448 1141 armis
1473 1110 1586 1158 pro⁴

265 1177 391 1224 ferre
415 1176 601 1232 mallet,
625 1192 777 1240 quam
798 1175 905 1223 iure
924 1175 1163 1224 obtinere.
1234 1177 1285 1224 N
1289 1193 1367 1223 am
1391 1177 1584 1224 Fabius

265 1265 427 1321 nuper
455 1257 574 1306 emit
595 1276 768 1322 agrum
799 1260 861 1307 de
899 1258 957 1307 C.
985 1258 1203 1307 Claudio
1228 1266 1457 1307 senatore
1480 1260 1587 1324 (cui

268 1342 425 1389 fundo
460 1349 569 1390 erat
599 1342 779 1390 adfinis
816 1341 891 1390 M.
911 1341 1114 1389 Tullius
1148 1359 1267 1390 sane
1290 1343 1492 1406 magno)
1514 1343 1587 1389 di-

268 1423 424 1472 midio
468 1426 568 1472 sere
609 1425 872 1482 incultum,
921 1425 1114 1472 exustis
1157 1425 1286 1473 villis
1332 1425 1582 1484 omnibus,

268 1506 428 1571 pluris
469 1525 623 1571 quam
646 1508 823 1571 quanti
854 1508 1103 1570 integrum
1142 1515 1297 1571 atque
1331 1508 1585 1556 ornatissi-

267 1606 403 1638 mum
430 1591 701 1638 carissimis
721 1590 935 1655 praetiis¹
959 1591 1068 1654 ipse
1094 1590 1385 1639 Claudiusm

268 1793 918 1807 ..............
948 1757 1078 1805 clam
1102 1756 1584 1820 circumscripsisset

266 1839 416 1887 etiam
457 1840 713 1888 consulari
752 1840 1059 1889 Macedonia
1098 1846 1151 1888 et
1185 1840 1325 1888 Asia.
1413 1840 1583 1888 Etiam

267 1922 396 1970 illud
420 1924 606 1972 addam
632 1925 774 1987 quod
799 1924 864 1971 ad
882 1941 988 1971 rem
1012 1923 1243 1988 pertinet,
1270 1924 1584 1987 Imperatore

316 2078 494 2114 'Etiam’
484 2091 522 2114 111
547 2081 622 2114 aliis
645 2080 798 2125 antiquis
814 2080 1007 2114 Codicibus
1021 2081 1095 2115 vidi
1110 2084 1285 2116 retentam
1302 2095 1324 2115 n
1343 2082 1380 2116 in
1396 2083 1584 2127 praeteritis

266 2127 374 2160 verbo
390 2126 551 2172 relinquo.

313 2172 330 2194 ¹¹
354 2173 514 2217 Antiqua
532 2173 624 2207 L1bs
641 2173 719 2206 Luc
723 2174 813 2207 aniae
839 2174 907 2207 fuit
920 2174 1107 2215 Thurinm,
1128 2174 1166 2207 in
1189 2176 1290 2208 cuius
1304 2176 1446 2218 regione
1456 2180 1584 2210 natum

269 2218 446 2253 Caesareln
471 2220 710 2253 octavianum
733 2225 851 2255 narrat
873 2221 1065 2253 Suetonius
1088 2222 1125 2253 iu
1147 2221 1223 2254 eius
1239 2222 1326 2254 Vita
1341 2232 1407 2266 cap
1411 2226 1467 2257 ..7
1494 2223 1584 2266 (Sed

264 2269 387 2299 tamen
401 2267 496 2299 Acro
518 2267 563 2299 ad
580 2267 720 2300 Horatii
736 2266 816 2301 Lib.
832 2270 864 2301 2.
890 2268 1003 2311 Satyr.
1021 2270 1052 2301 8.
1066 2278 1099 2301 v.
1116 2270 1171 2301 20.
1189 2268 1275 2301 dicit
1290 2268 1464 2301 lhurinm
1481 2270 1581 2313 oppi-

264 2312 350 2346 dum
363 2313 473 2346 Calah
476 2314 512 2346 ri
507 2326 546 2346 c.
551 2314 564 2355 )
596 2313 652 2346 De
666 2313 814 2346 Colonia
824 2313 934 2346 latina
945 2314 1019 2347 in'l
1022 2314 1185 2346 hminum
1201 2325 1323 2357 agrum
1335 2315 1491 2348 deducta
1500 2316 1582 2349 vide

265 2358 344 2393 Liv.
360 2369 492 2393 ΧΧΧιν.
517 2363 572 2393 53.
622 2360 673 2393 At
696 2371 760 2393 nos
753 2363 817 2393 ter
838 2360 964 2393 Codex
991 2360 1101 2393 habet
1116 2359 1308 2405 Tltgsrinum
1332 2372 1378 2394 ex
1404 2366 1582 2404 permuta-

264 2406 363 2441 tione
380 2410 551 2440 consueta
562 2407 653 2440 inter
665 2418 701 2439 so
718 2406 893 2439 vocalium
909 2407 1071 2440 eiusdem
1085 2410 1147 2440 aut
1163 2408 1316 2450 proximi
1338 2408 1435 2442 soni:
1461 2418 1544 2441 nam
1556 2420 1582 2453 ι]

266 2453 364 2495 apud
380 2453 415 2485 V
418 2457 530 2486 etens
547 2454 697 2486 sonabat
722 2453 900 2487 interdum
922 2457 964 2485 ut
985 2466 1018 2486 u.
1043 2453 1142 2486 Citat
1158 2453 1253 2486 hunc
1270 2455 1390 2487 locum
1413 2447 1582 2494 Quintili·-

266 2510 356 2532 anus
371 2499 459 2533 Iust.
475 2500 554 2534 Lib.
567 2510 621 2533 lv.
638 2510 714 2543 cap.
731 2503 764 2533 2.
778 2500 843 2531 sub
857 2501 981 2535 finem:
1008 2500 1110 2532 cuius
1120 2501 1247 2544 aliquae
1259 2501 1432 2534 editiones
1448 2501 1582 2535 habent

263 2545 301 2578 in
313 2558 400 2592 agro
414 2545 595 2592 Τι’3ιι3ἱηο,
612 2550 652 2579 ut
668 2550 703 2579 et
729 2546 853 2579 Codex
869 2557 961 2579 unus
977 2546 1233 2580 Ambrosianus
1248 2546 1480 2587 Quintiliani:
1507 2548 1542 2580 V
1545 2559 1582 2581 e·-

263 2602 345 2625 rum
358 2593 462 2636 longe
485 2593 615 2626 rectius
629 2593 706 2626 aliae
725 2593 898 2626 editiones
914 2594 950 2625 in
973 2604 1059 2638 agro
1077 2592 1243 2634 Thurino,
1260 2594 1356 2637 quod
1370 2595 1581 2628 confirmant

252 2641 337 2671 (tres
353 2639 466 2673 Codd.
483 2640 605 2673 Ambr.
622 2640 781 2673 eiusdem
799 2639 1020 2681 Quintiliani.
1070 2639 1211 2683 Reapse
1233 2640 1312 2683 quis
1336 2641 1512 2684 praedium
1528 2641 1580 2674 di-

263 2685 345 2718 vitis
360 2686 438 2719 Viri
454 2686 590 2719 romani
606 2686 697 2720 iuter
712 2691 850 2720 montes
863 2686 981 2730 potius
997 2686 1194 2729 Helvetios,
1210 2697 1318 2730 quam
1341 2687 1380 2720 in
1404 2687 1578 2721 Lucaniae

264 2730 371 2764 beato
387 2743 470 2775 agro
483 2733 658 2776 requirat?

312 2776 319 2797 ¹
343 2779 512 2812 Praetium
529 2790 667 2822 semper
682 2778 752 2812 fere
770 2780 841 2812 vidi
859 2789 941 2812 cum
959 2778 1179 2823 diphthongo
1194 2779 1232 2811 in
1248 2778 1402 2824 antiquis
1417 2779 1532 2814 Codd.

288 2859 290 2863 f
310 2828 332 2843 ¹¹¹
359 2825 402 2862 E.
417 2825 549 2859 Codice
566 2825 753 2859 djmidium
769 2826 874 2859 huius
887 2826 960 2859 folii
984 2826 1098 2861 cultro
1118 2826 1300 2860 desectum
1318 2826 1395 2870 fuit,
1417 2827 1512 2861 undo
1526 2827 1579 2862 ia·

265 2879 368 2905 cunae
382 2882 446 2907 sex
456 2872 789 2907 incommodissimae
809 2873 1014 2908 extiterunt.
