1918 3254
451 325 544 371 100
923 324 1024 361 PRo
1049 326 1298 366 PLANCIO*

513 423 601 472 Ad
619 439 679 470 ea
701 438 815 486 quae·
836 427 954 470 sunt
981 424 1264 473 necessaria
1297 426 1546 476 conclusis
1580 426 1753 493 priori-

447 507 542 554 bus
565 505 753 563 transit,
795 511 846 554 et
880 507 1101 570 potuisse
1130 508 1452 558 Laterensem
1475 511 1539 559 de
1561 512 1756 560 ambitu

447 603 687 635 accusare
706 587 969 651 significat,
1004 590 1095 639 nisi
1119 590 1383 639 maluisset
1404 592 1594 643 idcirco
1619 610 1756 642 reum

446 669 555 732 lege
579 669 775 719 Licinia
792 673 970 731 facere,
989 678 1046 721 ut
1064 672 1270 720 haberet
1285 671 1487 721 Iudices
1506 675 1755 724 editicios

448 749 532 800 De
556 753 701 801 cuius
720 755 879 802 forma
901 764 946 804 et
968 755 1242 804 acerbitate
1266 755 1364 803 iam
1389 772 1565 804 sumus
1588 756 1639 804 in
1665 757 1760 804 Ar-

444 842 680 898 gumento
694 836 711 860 ‘¹
729 838 1006 901 praelocuti.
1071 837 1368 886 Differentia
1385 837 1536 901 igitur
1555 855 1761 887 accusa-

446 917 567 966 toris
604 920 885 968 ostenditur
907 921 1023 969 ideo
1048 920 1328 969 invadentis
1350 920 1400 968 in
1437 920 1598 983 legem
1623 920 1760 969 Lici-

445 1000 594 1059 niam,
615 1003 754 1066 quod
774 1004 992 1052 ambitus
1010 1003 1213 1068 probari
1237 1019 1337 1051 non
1359 1003 1538 1067 poss-it,
1563 1004 1627 1051 de
1652 1019 1758 1067 quo

436 1080 651 1132 'Iudices
685 1102 748 1133 ex
771 1086 1038 1134 reiectione
1058 1085 1230 1133 haberi
1260 1085 1482 1134 soleant:
1513 1086 1758 1149 aequalem

443 1166 639 1215 seilicet
671 1184 937 1217 numerum
962 1169 1288 1217 reicientibus
1323 1175 1427 1216 tam
1463 1175 1757 1217 accusatore

443 1265 594 1312 quam
616 1267 715 1299 reo.
774 1251 961 1299 Verum
975 1258 1153 1315 specta
1175 1250 1406 1299 licentius
1423 1266 1620 1298 omnem
1636 1264 1753 1299 con-

445 1336 637 1379 textum
652 1333 803 1380 huius
830 1371 839 1381 .
866 1367 876 1380 ⁶
905 1371 915 1381 .
943 1340 976 1381 ,Ε
999 1340 1058 1381 ut
1077 1333 1328 1395 intelligas
1349 1338 1599 1381 oratorem
1616 1348 1756 1382 more

444 1414 664 1478 speciem
701 1416 956 1478 quandam
983 1453 994 1464 .
1021 1453 1031 1464 .
1059 1454 1068 1464 .
1095 1454 1105 1464 .
1176 1415 1237 1464 In
1267 1416 1476 1464 modum
1499 1416 1760 1480 praescrip-

442 1495 600 1545 tivum
624 1499 759 1546 facta
782 1505 989 1548 senatus
1021 1499 1240 1548 consulti
1258 1497 1543 1556 mentione,f
1567 1515 1670 1562 quo
1689 1515 1760 1546 se-

445 1581 671 1628 cundum
693 1581 852 1645 legem
874 1581 1119 1631 Liciniam
1142 1587 1382 1646 quattuor
1406 1581 1488 1629 edi
1507 1581 1669 1634 tribus
1693 1581 1756 1628 ab

443 1669 739 1712 accusatore
762 1665 988 1722 voluerit,
1015 1682 1078 1713 ex
1096 1665 1281 1728 quibus
1300 1678 1385 1712 reo
1405 1664 1582 1713 liceret
1603 1680 1756 1711 unam

442 1745 725 1808 repudiare,
745 1752 802 1794 ut
818 1747 882 1794 de
897 1747 1060 1794 tribus
1074 1746 1281 1810 reliquis
1297 1746 1515 1794 iudicum
1539 1784 1549 1795 .
1573 1784 1583 1794 .
1611 1784 1621 1795 .
1638 1754 1654 1777 g
1671 1747 1757 1795 ha—

442 1829 587 1877 beret
601 1829 883 1878 editionem.
936 1828 1130 1876 Tamen
1150 1830 1213 1877 ab
1237 1834 1533 1877 accusatore
1557 1829 1629 1877 sie
1650 1829 1758 1877 fieri

438 1912 679 1970 voluisse,
699 1918 758 1960 ut
775 1929 860 1960 eas
878 1912 1050 1960 ederet
1078 1929 1205 1976 quas
1235 1917 1499 1976 corruptas
1518 1926 1549 1959 a
1574 1911 1758 1960 Candi-

445 1995 566 2044 dato
583 1996 939 2044 criminaretur⁴
977 1995 1079 2043 Hie
1097 2011 1212 2043 vero
1228 1994 1757 2043 Laterensisnoluerat

442 2078 581 2142 ipsas
591 2079 754 2134 edere,
769 2078 957 2142 quibus
968 2077 1166 2126 dicebat
1175 2078 1438 2142 pecuniam
1452 2078 1636 2126 datam.
1651 2077 1759 2126 Uti-

444 2177 543 2225 que
559 2161 805 2218 consulte,
829 2178 891 2209 ne
909 2159 1024 2210 reo¹¹
1051 2178 1080 2208 a
1099 2177 1201 2224 quo
1232 2161 1499 2226 pecuniam
1530 2177 1755 2225 sumpse-

443 2250 569 2301 rant,
593 2243 783 2293 favorei
805 2243 956 2292 tacito
983 2243 1430 2308 patrocinarentur.
1486 2244 1645 2298 Quasi
1670 2260 1754 2291 ne-

490 2440 505 2461 ¹¹
530 2440 737 2485 Interpretis
753 2440 864 2474 nostri
879 2441 1140 2484 Argumentum
1160 2440 1320 2474 Orationi
1335 2439 1418 2473 huic
1434 2440 1618 2484 praefixum
1636 2436 1756 2470 amisi-

443 2496 537 2530 mus,
552 2499 635 2521 nam
652 2487 840 2531 acephalus
856 2490 911 2521 est
933 2487 1227 2521 Commentarius
1275 2486 1409 2520 Verum
1431 2487 1529 2520 locus
1552 2484 1635 2518 satis
1652 2485 1753 2527 pate-t

444 2543 492 2568 ex
507 2534 584 2579 ipso
601 2534 773 2568 Cicerone
790 2534 900 2578 eiusq.
926 2533 1179 2568 recentioribus
1197 2533 1464 2576 Interpretibus,
1481 2542 1570 2575 quos
1586 2530 1681 2565 vide.

491 2584 504 2601 θ
529 2581 612 2615 Hoc
629 2584 665 2614 et
681 2591 833 2624 sequens
855 2580 1008 2624 spatium
1034 2589 1189 2614 vacuum
1215 2579 1253 2613 in
1277 2579 1411 2613 codice.
1457 2579 1554 2612 Tum
1580 2577 1752 2611 mendosa

444 2628 480 2659 et
496 2631 660 2671 corrupta
675 2627 780 2660 lectio
800 2638 841 2660 ae
857 2627 917 2660 vix
931 2627 1107 2661 sanabilis

490 2671 501 2692 f
523 2673 649 2707 Codex
662 2673 858 2707 mentimzem
873 2685 959 2718 quse.

491 2723 506 2744 g
532 2721 625 2753 Puto
646 2719 704 2753 hic
721 2730 797 2753 esse
820 2720 998 2764 lacunam,
1023 2719 1107 2765 quia
1122 2719 1251 2766 pagina
1275 2717 1402 2753 desinit
1420 2717 1497 2761 Iud,
1513 2716 1674 2762 proxima
1691 2726 1751 2750 au-

444 2767 519 2798 tem
533 2765 658 2810 incipit
673 2765 815 2800 haberet.

490 2809 505 2831 ¹²
531 2811 620 2846 Cod.
644 2824 714 2846 reu.

489 2857 499 2879 ³
522 2856 610 2892 Cod.
630 2870 763 2905 pavore.
