1918 3254
611 289 713 331 Pno
739 287 973 325 PLANcIO.
1353 288 1439 332 101

145 403 263 453 gare
279 387 448 452 itaque
467 386 723 450 temptaxit
742 386 971 437 accusari
983 384 1002 409 ‘¹
1023 400 1173 449 posse
1189 384 1299 447 lege
1317 383 1447 436 Lici·

144 471 228 519 nia
238 469 528 520 Plancium:
550 470 754 533 quando
765 468 865 516 sint
879 468 988 515 aliae
1006 469 1164 522 tribus
1180 467 1340 524 editae,
1353 482 1446 515 nec

144 553 243 602 illae
260 552 576 617 potissimum
597 567 710 616 quae
728 551 1003 616 sumpsisse
1026 551 1290 616 pecuniam
1316 550 1447 598 dice-

142 642 331 693 rentur,
369 642 418 683 et
451 652 579 698 quas
612 635 727 682 ideo
765 634 843 681 vel
880 633 1096 681 maxime
1129 640 1330 681 senatus
1365 631 1449 680 edi

142 718 414 775 voluisset,e
447 725 505 765 ut
527 725 578 765 et
601 717 897 773 iudicarent,
935 727 984 763 et
1007 716 1345 764 testimonium
1365 714 1445 764 vel

142 807 318 849 contra
339 817 476 848 reum
498 799 574 848 vel
599 816 692 863 pro
715 816 798 846 reo
823 816 888 845 ex
912 798 1022 860 ipsa
1047 799 1250 851 veritate
1283 797 1446 863 perhi-

137 883 326 940 berent,
364 882 453 945 qui
474 882 580 930 sine
603 881 758 930 dubio
783 879 909 943 quid
933 885 1065 927 esset
1088 885 1211 942 aput
1234 879 1442 926 tribules

139 981 255 1013 suos
279 971 491 1027 gestum,
528 963 714 1026 optime
737 962 933 1010 scirent.

201 1046 362 1095 APUT
389 1060 588 1094 Eosonss
626 1061 717 1100 ME,
758 1059 827 1090 NE
853 1059 1091 1099 QUINQUE
1117 1058 1326 1093 QUIDEM
1354 1059 1442 1091 RE-

141 1142 331 1184 IECTIS,
384 1141 523 1175 QUOD
561 1140 619 1172 IN
659 1140 903 1172 PROXIMO
940 1141 1040 1173 REO
1079 1141 1148 1172 DE
1185 1124 1439 1181 CONSILH
1506 1137 1519 1141 ’

138 1224 447 1259 SENTENTIA
472 1223 854 1259 CONSTITUTUM
886 1223 994 1266 EST,
1033 1223 1198 1257 cooAs
1231 1224 1439 1257 CAUSAM

140 1308 352 1341 DICERE.

203 1374 312 1425 Iam
354 1375 417 1422 de
455 1372 722 1421 Sodaliciis
760 1383 965 1421 causam
989 1372 1442 1422 dixerat.P.Vati-

135 1458 249 1506 nius
290 1457 468 1505 eodem
506 1455 803 1502 defendente
842 1454 931 1502 M.
976 1454 1219 1503 Cicerone
1236 1455 1265 1515 3f
1296 1456 1440 1505 cuius

136 1540 370 1603 exemplo
427 1545 574 1600 negat
632 1537 927 1600 iniquitateg
984 1537 1275 1586 Laterensis
1331 1555 1441 1587 esse

137 1621 348 1671 Plancio
372 1620 670 1684 permissum
693 1619 886 1667 iudices
911 1620 1112 1675 reicere,
1151 1637 1253 1683 quo
1291 1621 1442 1670 mani-

134 1704 262 1751 festa
283 1702 349 1750 sit
369 1701 664 1765 improbitas
684 1701 933 1749 obstinate
952 1702 1214 1750 conitentis
1236 1703 1438 1760 inimici,

133 1792 191 1834 ut
211 1801 327 1833 reus
350 1785 590 1832 innocens
615 1784 930 1847 opprimatur
955 1784 1323 1848 conspiratione
1341 1803 1441 1834 ma-

133 1868 207 1931 gis
229 1867 515 1930 iniquorum
536 1866 788 1924 Indicum,
816 1885 970 1931 quam
993 1867 1211 1916 criminis
1232 1868 1441 1918 veritate

135 1949 407 1999 convictus.

201 2030 325 2080 Nox
355 2047 494 2078 ENIM
523 2046 568 2078 SI
596 2047 701 2079 AUT
733 2031 1010 2079 Phth-ems
1039 2048 1128 2079 ITA
1157 2048 1329 2089 VIXIT,
1369 2049 1437 2080 UT

133 2129 483 2163 OFFENDERET
510 2129 692 2161 scu-:NS
720 2130 995 2171 NEMINEM,
1016 2130 1121 2162 AUT
1144 2130 1211 2162 TU
1239 2130 1327 2161 ITA
1352 2131 1439 2162 ER-

133 2212 302 2252 RAsT1,
325 2212 392 2243 ΕΤ
417 2211 509 2245 Eos
537 2211 740 2245 EDERES
766 2211 1091 2253 INPRUDENS,
1113 2213 1181 2244 [Ὗ
1207 2212 1319 2254 NOS,
1358 2213 1437 2245 IN-

132 2295 262 2329 v1To
301 2295 382 2334 TE,
421 2294 606 2326 TAMEN
650 2293 719 2324 AD
754 2293 966 2326 IUDICES
1007 2295 1116 2327 Nox
1149 2295 1220 2327 AD
1250 2295 1436 2327 CARNr-

132 2377 278 2410 FICES
321 2376 647 2416 vizxmmrts,
687 2376 903 2409 monaco
943 2377 1061 2409 ISTA
1104 2378 1291 2410 EDITIO
1334 2379 1435 2410 PER

135 2461 191 2492 SE
219 2460 327 2492 Nos
354 2459 561 2491 ACERBA
588 2459 696 2498 EST,

315 2584 330 2605 ‘¹
357 2585 444 2618 Cod.
461 2597 624 2618 accusare.
959 2589 972 2604 Ε
997 2585 1024 2618 C
1029 2585 1084 2618 od.
1103 2584 1248 2620 valuisse.

178 2628 191 2650 s
211 2631 293 2664 Hoc
310 2631 386 2675 ipso
403 2642 506 2666 anno.
532 2642 600 2674 quo
615 2631 720 2664 ctiam
737 2631 901 2664 Plancius
918 2631 1082 2664 defensus
1097 2634 1159 2664 est,
1209 2632 1303 2665 Nam
1324 2631 1437 2667 Asco-

132 2676 213 2709 nius
229 2678 275 2710 ad
292 2678 389 2710 Orat.
409 2689 476 2722 pro
495 2677 623 2711 Scauro
648 2682 796 2710 testatur
812 2678 1019 2709 Ciceronem
1046 2677 1178 2710 dixisse
1201 2689 1263 2721 pro
1277 2677 1433 2722 Vatinio,

133 2723 177 2755 L.
195 2722 354 2757 Domitio
371 2723 576 2757 ‘Enobarbo
599 2728 633 2756 ct
652 2723 769 2766 Appio
783 2723 933 2756 Claudio
952 2723 1104 2756 Pulchro
1119 2724 1216 2756 Coss.
1232 2735 1381 2767 quorum
1397 2727 1434 2759 in

134 2769 331 2801 Consulatu
347 2770 512 2802 Plancius
531 2770 696 2803 defensus
713 2769 875 2804 creditur.
901 2770 945 2804 V.
962 2770 1001 2803 Ρ.
1028 2769 1234 2805 Munatium
1256 2770 1294 2804 in
1317 2771 1437 2816 Argu-

134 2820 255 2847 mento
270 2815 373 2847 huius
389 2815 568 2849 Orationis
589 2828 653 2861 pro
669 2815 823 2850 Plancio.

182 2866 195 2886 ἕ
222 2861 309 2894 Cod.
327 2861 545 2906 iniquitatem.
