1971 3263
627 291 994 326 mssER'rA'rio.
1386 275 1473 325 xiii

171 393 444 446 mentando
483 391 726 441 Cicerone
757 392 1070 459 praecipuum
1105 396 1276 441 vocat:
1335 392 1475 455 quod

171 500 305 543 recte
344 509 407 540 ne
441 509 505 540 an
544 508 691 540 secus
727 491 918 540 dictum
958 490 1034 549 sit,
1073 491 1255 539 amisso
1288 488 1474 554 Capro,

171 592 399 641 iudicare
447 608 548 641 non
587 607 875 658 possumus
961 589 1032 639 Et
1073 590 1277 654 quidem
1321 589 1478 654 Capri

174 690 571 741 Commentarios
592 691 662 740 D.
686 690 834 739 etiam
853 687 1195 751 Hieronymus
1219 688 1480 737 nominat.¹2

175 788 411 853 Denique
428 789 628 837 Auctor
650 788 757 852 ipse
780 787 928 836 huius
947 804 1095 851 quem
1117 788 1313 836 edimus
1334 786 1482 836 Com-

173 888 420 944 mentarii,
458 892 509 934 et
546 886 804 934 Asconius
841 886 965 935 alios
1001 886 1306 951 Interpretes
1342 885 1483 934 haud

174 1000 286 1033 raro
307 983 531 1032 indicant
556 981 857 1030 Orationum
883 983 1158 1034 Ciceronis.
1230 986 1328 1034 Sed
1351 985 1483 1034 enim

176 1100 236 1132 ea
269 1087 454 1132 cuncta
490 1081 677 1145 scripta
711 1080 977 1146 perierunt,
1014 1088 1350 1146 praeterquam
1388 1083 1486 1131 As-

175 1181 307 1231 conii
346 1188 396 1229 et
432 1180 696 1230 cuiusdam
731 1179 1029 1229 Scholiastis
1075 1181 1325 1245 anonymi,
1362 1198 1484 1246 quo-

177 1296 289 1329 rum
321 1280 515 1328 labores
550 1279 602 1327 in
624 1279 821 1343 aliquot
858 1279 1115 1329 Ciceronis
1153 1280 1481 1330 Editionibus
1528 1284 1706 1330 Interpres

1499 1331 1602 1365 Anon
1621 1343 1709 1366 vmus

177 1378 561 1442 coniunguntur.
632 1377 1056 1428 Commentarium
1080 1397 1110 1428 a
1125 1397 1205 1429 me
1226 1397 1387 1446 nuper
1409 1398 1481 1429 re·
1498 1343 1690 1458 2¹13}ng

178 1485 391 1543 pertum,
429 1477 550 1540 quia
571 1476 612 1523 is
648 1475 834 1540 pariter
869 1484 944 1526 est
968 1494 1261 1541 anonmeS,
1298 1479 1480 1537 statim,
1500 1471 1694 1551 333⁵ss-

178 1584 348 1642 utpar
371 1583 489 1634 erat,
529 1592 646 1624 cum
681 1575 908 1629 Asconio
954 1583 1003 1625 et
1043 1593 1158 1625 cum
1202 1577 1485 1626 Scholiaste
1502 1563 1635 1598 conius.

178 1676 315 1727 edito
353 1675 566 1725 contuli:
606 1692 665 1722 ac
686 1675 833 1723 facile
865 1691 984 1723 sane
1012 1676 1238 1739 cognovi,
1276 1676 1490 1727 Inventa

178 1793 289 1825 mea
327 1776 426 1824 stili
474 1775 721 1840 elegantia
763 1773 1158 1838 eruditionisque
1202 1777 1491 1839 praestantia

179 1876 246 1924 ad
270 1875 552 1924 Asconium
581 1892 788 1940 prorsus
811 1875 1067 1933 accedere,
1095 1892 1123 1923 a
1148 1875 1375 1924 siccitate
1408 1893 1492 1925 au-

179 1981 281 2023 tem
299 1980 349 2023 et
371 1975 558 2023 duritia
583 1973 880 2023 Scholiastis
902 1975 1222 2022 vehementer
1239 1976 1491 2026 recedere.

183 2074 459 2137 Quumque
518 2081 760 2138 praeterea
810 2073 1044 2130 viderem,
1098 2073 1224 2122 miro
1271 2075 1494 2137 quodam

183 2179 363 2221 eventu
391 2172 811 2221 Commentarium
827 2189 994 2220 meum
1021 2173 1086 2220 ad
1113 2189 1196 2220 eas
1216 2172 1353 2236 ipsas
1376 2172 1496 2221 Tul-

183 2272 240 2319 lii
282 2272 548 2320 Orationes
588 2272 849 2335 pertinere,
908 2287 1022 2334 quae
1065 2271 1370 2319 Asconianis
1412 2273 1498 2320 ad·

183 2371 523 2419 notationibus
549 2370 734 2417 iniuria
757 2369 992 2432 temporis
1014 2369 1200 2417 orbatae
1238 2376 1419 2428 essent,
1444 2371 1496 2419 in

186 2487 294 2518 eam
320 2471 553 2534 protinus
578 2469 876 2517 sententiam
903 2468 1145 2525 concessi,
1184 2486 1262 2516 me
1286 2469 1498 2518 Asconii

191 2567 405 2616 Pediani
424 2568 621 2615 labores
656 2566 909 2614 detexisse
930 2566 1168 2629 reliquos,
1206 2567 1293 2630 qui
1317 2584 1498 2631 magno

190 2682 304 2714 cum
323 2667 603 2714 litterarum
628 2666 927 2714 detrimento
950 2665 1140 2713 iamdiu
1166 2666 1430 2730 perierant.

510 2862 524 2877 ¹¹
551 2857 629 2891 Lib.
647 2858 680 2892 11.
698 2861 819 2893 contra
840 2858 1021 2903 Rufinum,
1040 2870 1072 2903 p.
1089 2861 1166 2894 497.
