1918 3254
462 314 526 356 70
963 296 1064 342 PRO
1101 298 1285 341 SYL'LA.

463 409 602 466 dicit,
649 423 680 455 a
714 404 902 470 quibus
945 404 1139 468 Syllam
1174 402 1490 452 nominatum
1528 421 1629 453 non
1665 418 1778 452 esse

464 490 748 540 constabat.

531 571 641 620 ch
678 585 888 620 CONTRA
914 585 1006 618 ITA
1044 584 1286 627 QUIBVIT,
1326 584 1395 617 UT
1424 585 1492 618 Eo
1526 583 1780 619 TEMPORE

465 671 604 705 OMNI
631 654 883 703 NEAPOLI
912 669 1125 701 FUERIT.

532 737 784 793 Quoniam
815 736 973 784 videri
1008 741 1209 801 poterat
1233 734 1308 784 .P.
1335 734 1481 798 Sylla
1515 736 1785 783 damnatus

468 819 777 870 conscientia
812 818 996 867 detecti
1033 818 1252 866 criminis
1288 817 1367 866 sui
1401 818 1464 866 ab
1501 818 1662 866 oculis
1688 833 1791 865 om·

468 903 604 951 nium
638 901 920 958 secessisse,
947 906 998 949 et
1031 900 1227 949 Urbem
1252 900 1472 949 Romam
1507 900 1789 964 reliquisse,

468 986 621 1034 trahit
632 985 816 1033 Orator
826 985 890 1032 ad
902 983 1210 1032 verecundiae
1222 990 1582 1047 argumentum,
1597 983 1788 1039 dicens,

470 1086 530 1117 ea
548 1075 754 1133 propter
772 1067 864 1115 sub
887 1066 1046 1115 oculis
1065 1083 1175 1114 esse
1195 1066 1377 1114 civium
1395 1065 1627 1122 noluisse,
1653 1065 1792 1129 quod

472 1153 794 1201 erubesceret
816 1150 866 1198 in
903 1149 1072 1213 aliquo
1096 1149 1208 1196 vitae
1245 1166 1346 1196 suae
1382 1149 1615 1196 articulo‘³
1638 1149 1795 1196 hono-

471 1251 577 1283 rem
597 1234 900 1282 defloratum
920 1231 1316 1294 dignitatemque
1334 1230 1632 1278 mutilatam.
1680 1229 1792 1279 Nec

472 1317 681 1367 moverit
704 1333 795 1364 nos
820 1316 960 1379 quod
983 1315 1051 1362 ita
1075 1315 1314 1376 loquatur
1339 1314 1402 1361 de
1429 1313 1571 1376 Sylla
1596 1312 1792 1372 Cicero,

474 1400 618 1465 quasi
663 1400 932 1447 damnatus
969 1397 1032 1444 de
1069 1395 1277 1443 crimine
1311 1396 1530 1444 ambitus
1565 1396 1797 1445 habuerit

475 1482 652 1531 Romae
673 1478 968 1530 demorandi
984 1478 1293 1526 facultatem.
1364 1477 1562 1527 Habuit
1578 1480 1706 1528 enim
1726 1496 1799 1528 se·

474 1566 698 1621 cundum
717 1564 878 1628 legem
900 1562 1240 1626 Calpurniam.
1299 1560 1433 1609 Nam
1454 1561 1796 1626 superioribus

475 1645 789 1712 temporibusf
823 1645 1048 1693 damnati
1086 1645 1194 1707 lege
1233 1644 1468 1693 Cornelia
1502 1645 1600 1693 hoc
1634 1662 1793 1707 genus

474 1747 635 1795 poenae
659 1730 899 1784 ferebant,
928 1733 984 1775 ut
1018 1727 1398 1789 magistratuum
1434 1727 1676 1790 petitione
1709 1743 1798 1791 per

477 1814 655 1861 deceni
688 1827 845 1859 annos
887 1809 1225 1857 abstinerent.g
1296 1809 1580 1873 Aliquanto
1619 1817 1799 1873 postea

478 1895 697 1944 severior
742 1894 828 1942 lex
871 1892 1145 1956 Calpurnia
1188 1893 1292 1939 lata
1335 1891 1448 1948 est‚¹¹
1490 1898 1541 1939 et
1584 1893 1800 1956 pecunia

478 1978 641 2028 multa
677 1977 781 2034 fuit,
820 1982 871 2024 et
912 1976 961 2023 in
997 1980 1293 2039 perpetuum
1336 1974 1613 2023 honoribus
1649 1975 1800 2025 iussit

480 2078 649 2110 carere
688 2061 968 2108 damnatos.
1039 2057 1310 2106 Habebant
1345 2064 1510 2106 tamen
1545 2058 1799 2107 licentiam

482 2144 660 2193 Romae
694 2142 940 2191 morandi.
1010 2140 1199 2189 Postea
1233 2140 1332 2188 iam
1368 2141 1615 2190 damnatis
1658 2142 1802 2205 Sylla

529 2374 542 2390 ²
569 2368 739 2413 Supplevi
755 2366 909 2401 articulo.

528 2414 540 2437 f
563 2415 732 2460 Supplevi
758 2413 970 2459 temporibus.

529 2468 546 2490 ἔ
571 2463 666 2496 Haec
683 2462 742 2495 lex
759 2461 888 2494 dicitnr
913 2458 1071 2493 Cornelia
1095 2458 1231 2500 Bsehia,
1258 2458 1341 2502 quia
1358 2459 1429 2492 lata
1454 2462 1508 2493 est
1523 2469 1544 2492 a
1569 2458 1610 2492 P.
1635 2459 1802 2494 Cornelio

483 2509 644 2552 Cethego
662 2511 699 2541 et
714 2507 769 2541 M.
788 2506 915 2540 Baebio
939 2505 1140 2549 Tamphilo,
1158 2506 1217 2549 qni
1236 2505 1472 2538 Consulatum
1497 2510 1684 2548 gesserunt
1709 2517 1803 2540 anno

483 2564 741 2591 u.c.n1.xxui.
792 2553 881 2587 Eius
903 2551 991 2595 legis
1017 2552 1255 2585 meminerunt
1272 2551 1395 2584 Livius
1411 2553 1470 2585 lib.
1498 2562 1558 2586 xi..
1576 2555 1627 2586 15.
1677 2551 1804 2587 Florus

482 2603 543 2636 lib.
557 2611 673 2636 XLvn.
723 2600 794 2634 Sed
805 2609 951 2643 poenam
968 2602 1116 2642 uterque
1129 2598 1282 2640 reticuit,
1297 2608 1404 2642 quam
1417 2604 1537 2632 nostor
1549 2598 1729 2643 Interpres
1742 2610 1805 2632 ex-

510 2649 623 2682 ressit.

483 2658 507 2693 p
530 2693 545 2713 ¹¹
570 2692 739 2738 Supplevi
756 2691 825 2726 lata
840 2698 899 2725 est.
947 2690 1004 2724 De
1027 2690 1094 2724 hac
1119 2691 1196 2734 lege
1214 2690 1335 2724 scribit
1350 2691 1527 2725 Asconius
1545 2692 1590 2725 ad
1614 2692 1714 2726 Orat.
1736 2703 1804 2737 pro

483 2739 615 2774 cornel.
645 2750 677 2782 p.
708 2742 784 2772 132.
842 2738 1030 2771 “Tulerat
1067 2747 1148 2770 eam
1187 2740 1270 2770 ante
1304 2737 1487 2771 biennium
1521 2738 1561 2772 C.
1589 2738 1805 2782 Calpurnius

483 2787 505 2850 :Z
523 2786 605 2865 Pis?
619 2785 814 2865 ansutlL'im
829 2795 910 2829 qua,
925 2786 1054 2828 praeter
1067 2784 1153 2818 alias
1170 2794 1309 2829 poenas,
1322 2784 1527 2829 pecuniaria
1540 2795 1682 2830 quoquc
1695 2794 1804 2830 poena

521 2842 581 2867 era
619 2842 641 2865 a
667 2841 721 2864 icc
739 2841 771 2866 a.
