1971 3263
621 319 987 356 DISSERTATIO.
1340 306 1465 353 xxxi

151 449 206 484 se
227 434 412 484 vidisse
434 433 562 481 inter
595 432 807 480 disertos
840 429 1122 479 Domitium
1159 429 1353 485 Afrum,
1375 429 1465 492 qui

152 535 357 599 quidem
379 534 473 581 sub
495 533 618 581 Caio
644 549 773 580 anno
793 545 1147 579 DCCLxxxxn.
1172 529 1265 577 fuit
1287 529 1465 577 consul

148 634 409 689 suffectus,
436 640 484 680 et
510 649 657 696 quem
679 630 996 679 Eusebiusin
1023 629 1273 677 Chronico
1297 636 1467 676 narrat

148 734 212 781 ad
237 750 422 780 annum
446 732 664 797 primum
698 729 899 778 Claudii
922 729 1110 776 clarum
1142 736 1389 775 oratorem
1415 734 1466 774 et
1535 738 1538 739 ’

148 834 244 880 sub
267 833 470 880 Nerone
487 838 755 879 mortuum.
828 828 964 892 Ergo
984 827 1329 882 Quintilianus
1349 827 1465 874 ado-

146 933 340 980 lescens
358 930 638 978 Asconium
666 945 876 992 quoque
893 929 989 976 iam
1016 944 1182 975 senem
1201 926 1366 990 potuit
1381 942 1464 973 au-

145 1031 254 1078 dire
276 1031 577 1093 loquentem.

211 1128 314 1176 Sed
350 1136 407 1176 ut
427 1130 629 1176 redeam
652 1129 717 1176 ad
755 1128 1103 1177 difficultatem
1127 1145 1189 1175 ex
1218 1127 1462 1190 Hierony-
1479 1135 1688 1216 Chrossffius

143 1244 226 1276 mo
248 1229 470 1292 petitam,
509 1245 618 1276 eam
646 1245 852 1293 prorsus
887 1246 979 1293 ego
1010 1228 1306 1285 disiecerim‚
1342 1228 1383 1275 si
1407 1227 1462 1274 il-
1478 1228 1686 1318 ξῒῦὲῗξέἲῆ,

144 1326 250 1374 lum
284 1326 580 1388 Hieronymi
610 1334 801 1404 ter-<tum
835 1328 1025 1375 nullius
1066 1328 1314 1376 firmitatis
1351 1345 1461 1376 esse
1477 1321 1645 1402 ἓξὲξ-ζ’

144 1426 442 1490 probavero.
512 1425 600 1472 Ad
624 1441 739 1472 eum
755 1425 941 1489 quippe
958 1426 1127 1474 locum
1151 1428 1200 1474 in
1227 1427 1463 1475 Editione

144 1524 414 1572 novissima
449 1523 728 1571 Veronensi
762 1524 926 1573 Tomo
963 1541 1086 1573 VIII.
1125 1543 1173 1590 p.
1210 1532 1321 1575 681.
1354 1528 1461 1576 haec

143 1624 477 1671 adnotantur:
517 1631 545 1649 ‘⁶
572 1623 711 1671 Huic
730 1641 1012 1687 praeuomen
1030 1633 1106 1674 est
1130 1627 1374 1688 singulari
1401 1630 1462 1683 Q.

143 1729 174 1749 “
197 1722 378 1778 littera,
427 1737 579 1784 quam
636 1721 895 1769 Pontacus
941 1724 1163 1787 explicat
1213 1725 1463 1780 Quirinus.

145 1829 174 1848 “
202 1821 332 1868 Sunt
352 1820 503 1868 etiam
529 1820 617 1883 qui
632 1820 905 1869 Ausonium
919 1839 1012 1886 pro
1029 1823 1246 1871 Asconio
1263 1825 1462 1887 legant:

145 1927 174 1947 “
197 1937 290 1968 nec
311 1919 539 1998 Pediana
565 1919 730 1984 ipsum
755 1926 1151 1984 ‘cognomentum
1179 1924 1289 1971 aliis
1315 1933 1465 1989 atque

145 2027 173 2047 “
200 2019 309 2067 aliis
333 2022 694 2083 ποικιλογραφίαις
729 2027 880 2068 caret.
952 2020 1139 2069 Putare
1166 2023 1339 2086 itaque
1366 2040 1466 2070 ma-

145 2127 174 2146 “
198 2120 286 2167 lim
308 2118 464 2166 alium
486 2118 824 2182 (scriptorem)
852 2136 882 2166 a
906 2120 1091 2168 celebri
1117 2120 1344 2168 Asconio
1370 2121 1465 2169 Pa-

144 2226 173 2245 “
198 2217 379 2274 tavino,
406 2217 494 2280 qui
512 2217 710 2280 Virgilii
729 2219 1064 2267 familiaritate
1083 2237 1207 2268 usus
1226 2229 1318 2278 est,
1347 2221 1464 2270 Phi-

143 2326 172 2346 “
196 2317 416 2381 largyrio
450 2323 588 2373 teste,
626 2317 736 2364 heic
768 2319 860 2365 abs
890 2317 1202 2382 Hieronymo
1231 2320 1459 2369 indicari.

144 2424 172 2444 “
197 2416 346 2465 Adeo
381 2433 474 2464 nec
511 2422 739 2480 oportere
776 2424 865 2464 aut
899 2418 1030 2465 duos
1061 2435 1176 2474 cum
1203 2418 1461 2483 Scaligero

144 2523 173 2544 “
197 2516 450 2565 Asconios
472 2516 796 2574 comminisci,
820 2523 876 2564 ut
894 2524 1175 2581 temporum
1198 2517 1323 2565 ratio
1347 2534 1462 2566 con-

145 2623 174 2642 “
199 2622 295 2664 stet
316 2616 527 2680 (alioqui
550 2616 762 2679 Virgilio
788 2616 1046 2665 familiaris
1073 2617 1336 2674 diceretur,
1372 2617 1461 2682 qui

145 2721 175 2741 ‘⁴
200 2715 341 2762 annis
363 2717 464 2764 fere
488 2716 662 2779 viginti
686 2717 748 2763 ab
769 2717 876 2764 eius
901 2723 1061 2765 morte
1085 2724 1233 2765 natus
1257 2718 1461 2764 demum

145 2821 174 2840 “
200 2814 390 2878 fuisset)
423 2822 512 2865 aut
535 2817 598 2866 de
631 2823 704 2865 tot
742 2834 988 2866 annorum
1021 2817 1458 2873 metachronism0‚

823 2915 865 2963 C
