1971 3263
660 293 1030 329 mssssa'rA‘rlo.
1438 278 1501 326 vii

205 398 493 451 Ciceronem
517 396 718 445 videret.
790 396 903 444 Hac
940 396 1102 443 elatus
1139 393 1311 443 laetitia
1347 410 1504 457 quum

203 498 269 545 ad
292 514 448 544 unum
472 514 533 544 ex
558 495 906 545 Ambrosianis
928 493 1252 552 Doctoribus,
1289 493 1373 558 qui
1397 500 1506 542 tum

201 597 328 645 forte
347 599 519 644 aderat
541 597 590 643 in
617 595 948 651 Bibliotheca,
974 577 1229 651 venissem,
1255 595 1400 658 eique
1424 611 1508 642 no-

202 694 303 743 bile
336 695 599 743 Inventum
624 694 942 750 indicassem,
980 693 1063 740 ille
1085 693 1205 740 mihi
1226 711 1278 741 se
1301 710 1507 757 quoque

205 792 530 842 Grammatici
556 792 817 840 cuiusdam
843 792 1019 839 veteris
1043 792 1414 841 Adnotationes
1442 794 1506 841 ad

202 892 341 942 locos
364 892 560 954 aliquot
575 890 839 937 Tullianos
860 890 1074 939 ineditos
1100 907 1157 938 IN
1180 890 1434 941 CLODIUM
1460 893 1509 942 in

204 1007 263 1040 eo
285 991 580 1054 iampridem
609 988 799 1037 Codice
821 989 1005 1037 vidisse
1031 992 1369 1040 confirmavit:
1406 1009 1509 1042 rem

203 1088 552 1139 Ambrosianis
579 1087 798 1150 Collegis
818 1089 1215 1137 consideratione
1237 1099 1391 1155 atque
1411 1092 1513 1140 edi-

204 1190 338 1238 tione
358 1187 678 1252 dignissiman
702 1187 988 1245 iudicatam,
1014 1205 1128 1237 eum
1154 1198 1318 1239 autem
1340 1193 1513 1256 palim-

206 1296 431 1352 psestum
483 1288 611 1335 inter
665 1288 1099 1350 praestantissimos
1159 1291 1262 1339 iure
1321 1291 1511 1356 optimo

207 1387 395 1435 haberi.

273 1486 363 1534 IV.
400 1486 514 1535 Hac
533 1505 624 1550 ego
645 1487 1045 1538 doctissimorum
1064 1491 1318 1540 hominum
1345 1499 1513 1542 aucto·
1541 1506 1719 1540 Exscnbi-

205 1585 350 1634 ritate
373 1587 611 1644 firmatus,
650 1588 876 1635 hortatus
901 1606 1012 1636 sum
1049 1591 1154 1654 ipse
1185 1609 1276 1650 me,
1315 1600 1372 1642 ut
1409 1601 1509 1642 tam
1527 1556 1713 1680 ἑῖἓῐῖξὶέἰῗ

1553 1657 1620 1680 ΙῚΟΓ
1675 1658 1712 1680 0-

205 1682 396 1746 insigne
421 1685 745 1748 amplumque
765 1688 990 1745 Κειμήλιου
1027 1691 1159 1738 omni
1184 1693 1440 1755 diligentia
1462 1702 1512 1743 et
1526 1657 1616 1773 {5⁰5⁵
1638 1704 1711 1727 ¹¹¹³·

1566 1752 1627 1775 na.

207 1793 388 1832 conatu
407 1784 807 1848 pervestigarem.
862 1786 930 1834 Et
954 1805 1063 1835 mea
1083 1790 1202 1837 mihi
1221 1794 1424 1841 demum
1442 1799 1516 1842 'se-

208 1883 395 1931 dulitas
434 1885 680 1946 processit
719 1885 768 1932 in
812 1902 1090 1936 numerum.
1161 1890 1342 1954 Neque
1386 1893 1517 1942 enim

211 1983 501 2030 Orationem
527 1986 876 2033 tantummodo
898 2003 956 2034 IN
975 1986 1034 2035 P.
1054 1988 1308 2039 CLODIUM
1334 2009 1399 2040 ET
1417 1993 1517 2043 CU-

210 2097 421 2130 RIONEM
460 2084 719 2132 manifesto
753 2084 934 2142 detexi,
973 2087 1061 2133 sed
1107 2088 1254 2137 aliam
1295 2108 1363 2139 DE
1402 2108 1514 2141 AERE

209 2196 414 2230 ALIENo
438 2182 682 2230 MILONIS
705 2201 962 2247 nunquam
986 2193 1143 2243 antea,
1181 2191 1320 2251 quod
1345 2191 1515 2249 sciam,

209 2280 338 2329 inter
377 2280 618 2329 Eruditos
656 2283 906 2330 auditam:
944 2291 1051 2331 tum
1089 2287 1236 2334 aliam
1278 2305 1346 2336 DE
1378 2306 1515 2339 REGE

212 2380 634 2437 ALEXANDRINO,
673 2399 788 2429 cum
829 2384 1031 2446 optimis
1055 2388 1120 2434 ad
1146 2387 1234 2435 has
1260 2388 1519 2440 Commen-

214 2479 365 2527 tariis.
439 2480 636 2528 Rursus
674 2481 1070 2532 Commentarios
1103 2486 1329 2535 eiusdem
1368 2489 1522 2539 Inter-

214 2579 365 2641 pretis
404 2596 535 2644 saepe
576 2580 911 2643 amplissimos
953 2583 1017 2630 ad
1059 2583 1320 2635 Orationes
1361 2589 1519 2639 editas

217 2676 471 2726 Ciceronis
498 2694 599 2726 PRO
624 2679 856 2737 ARCHIA,
881 2697 984 2728 PRo
1003 2682 1197 2741 Sum,
1225 2701 1328 2734 PRO
1348 2687 1521 2736 PLAN-

216 2789 321 2832 c10,
360 2792 417 2824 IN
450 2776 755 2827 VATINIUM.
828 2779 967 2837 Haec,
1005 2779 1224 2844 inquam,
1251 2785 1414 2832 omnia
1440 2787 1524 2834 ali-
