<?xml version="1.0" encoding="UTF-8"?>
<!DOCTYPE html PUBLIC "-//W3C//DTD XHTML 1.0 Transitional//EN"
    "http://www.w3.org/TR/xhtml1/DTD/xhtml1-transitional.dtd">
<html xmlns="http://www.w3.org/1999/xhtml" xml:lang="en" lang="en">
 <head>
  <title>
</title>
<meta http-equiv="Content-Type" content="text/html;charset=utf-8" />
  <meta name='ocr-system' content='tesseract 3.04.00' />
  <meta name='ocr-capabilities' content='ocr_page ocr_carea ocr_par ocr_line ocrx_word'/>
</head>
<body>
  <div class='ocr_page' id='page_1' title='image "./sexorationumfrag00ciceuoft_0116.png"; bbox 0 0 1971 3263; ppageno 0'>
   <div class='ocr_carea' id='block_1_1' title="bbox 418 289 1276 343">
    <p class='ocr_par' dir='ltr' id='par_1_1' title="bbox 418 289 1276 343">
     <span class='ocr_line' id='line_1_1' title="bbox 418 289 1276 343; baseline -0.005 -13"><span class='ocrx_word' id='word_1_1' title='bbox 418 300 479 343; x_wconf 83' lang='lat'>10</span> <span class='ocrx_word' id='word_1_2' title='bbox 847 294 905 329; x_wconf 87' lang='lat' dir='ltr'>IN</span> <span class='ocrx_word' id='word_1_3' title='bbox 943 292 995 327; x_wconf 85' lang='grc' dir='ltr'>.Ρ.</span> <span class='ocrx_word' id='word_1_4' title='bbox 1035 289 1276 326; x_wconf 83' lang='lat' dir='ltr'><strong>CLODIUM</strong></span> 
     </span>
    </p>
   </div>
   <div class='ocr_carea' id='block_1_2' title="bbox 410 388 1735 2364">
    <p class='ocr_par' dir='ltr' id='par_1_2' title="bbox 410 388 1735 2364">
     <span class='ocr_line' id='line_1_2' title="bbox 414 388 1725 446; baseline -0.008 0"><span class='ocrx_word' id='word_1_5' title='bbox 414 398 467 446; x_wconf 91' lang='lat' dir='ltr'>in</span> <span class='ocrx_word' id='word_1_6' title='bbox 491 398 642 446; x_wconf 88' lang='lat' dir='ltr'>domo</span> <span class='ocrx_word' id='word_1_7' title='bbox 675 390 939 443; x_wconf 87' lang='lat' dir='ltr'>Pontificis</span> <span class='ocrx_word' id='word_1_8' title='bbox 977 388 1195 438; x_wconf 85' lang='lat' dir='ltr'>Maximi</span> <span class='ocrx_word' id='word_1_9' title='bbox 1233 389 1306 439; x_wconf 87' lang='lat' dir='ltr'>.C.</span> <span class='ocrx_word' id='word_1_10' title='bbox 1343 390 1558 439; x_wconf 77' lang='lat' dir='ltr'>Caesaris</span> <span class='ocrx_word' id='word_1_11' title='bbox 1596 391 1725 439; x_wconf 73' lang='lat' dir='ltr'>eius⁴</span> 
     </span>
     <span class='ocr_line' id='line_1_3' title="bbox 415 473 1723 543; baseline -0.005 -14"><span class='ocrx_word' id='word_1_12' title='bbox 415 482 634 543; x_wconf 75' lang='lat' dir='ltr'>deinque</span> <span class='ocrx_word' id='word_1_13' title='bbox 674 474 904 541; x_wconf 77' lang='lat' dir='ltr'>praetoris</span> <span class='ocrx_word' id='word_1_14' title='bbox 946 473 1195 522; x_wconf 86' lang='lat' dir='ltr'>incestum</span> <span class='ocrx_word' id='word_1_15' title='bbox 1240 473 1418 521; x_wconf 87' lang='lat' dir='ltr'>fecisse</span> <span class='ocrx_word' id='word_1_16' title='bbox 1457 491 1575 523; x_wconf 89' lang='lat' dir='ltr'>cum</span> <span class='ocrx_word' id='word_1_17' title='bbox 1612 474 1723 522; x_wconf 89' lang='lat' dir='ltr'>eius</span> 
     </span>
     <span class='ocr_line' id='line_1_4' title="bbox 413 557 1725 623; baseline -0.005 -12"><span class='ocrx_word' id='word_1_18' title='bbox 413 579 574 611; x_wconf 84' lang='lat' dir='ltr'>uxore</span> <span class='ocrx_word' id='word_1_19' title='bbox 618 558 879 623; x_wconf 85' lang='lat' dir='ltr'>Pompeia,</span> <span class='ocrx_word' id='word_1_20' title='bbox 922 573 980 606; x_wconf 90' lang='lat' dir='ltr'>eo</span> <span class='ocrx_word' id='word_1_21' title='bbox 1021 561 1263 621; x_wconf 81' lang='lat' dir='ltr'>temporea</span> <span class='ocrx_word' id='word_1_22' title='bbox 1313 572 1415 619; x_wconf 88' lang='lat' dir='ltr'>quo</span> <span class='ocrx_word' id='word_1_23' title='bbox 1460 574 1550 621; x_wconf 91' lang='lat' dir='ltr'>per</span> <span class='ocrx_word' id='word_1_24' title='bbox 1599 557 1725 605; x_wconf 90' lang='lat' dir='ltr'>Ves-</span> 
     </span>
     <span class='ocr_line' id='line_1_5' title="bbox 414 639 1725 706; baseline -0.005 -13"><span class='ocrx_word' id='word_1_25' title='bbox 414 645 540 693; x_wconf 82' lang='lat' dir='ltr'><strong>tales</strong></span> <span class='ocrx_word' id='word_1_26' title='bbox 584 641 798 706; x_wconf 84' lang='lat' dir='ltr'>virgines</span> <span class='ocrx_word' id='word_1_27' title='bbox 844 646 895 688; x_wconf 92' lang='lat' dir='ltr'>et</span> <span class='ocrx_word' id='word_1_28' title='bbox 945 646 1198 688; x_wconf 86' lang='lat' dir='ltr'>matronas</span> <span class='ocrx_word' id='word_1_29' title='bbox 1251 639 1623 688; x_wconf 87' lang='lat' dir='ltr'>honestissimas</span> <span class='ocrx_word' id='word_1_30' title='bbox 1673 640 1725 687; x_wconf 89' lang='lat' dir='ltr'>in</span> 
     </span>
     <span class='ocr_line' id='line_1_6' title="bbox 413 721 1725 792; baseline -0.005 -17"><span class='ocrx_word' id='word_1_31' title='bbox 413 732 589 792; x_wconf 91' lang='lat' dir='ltr'>operto</span> <span class='ocrx_word' id='word_1_32' title='bbox 632 725 788 773; x_wconf 83' lang='lat' dir='ltr'>Bonae</span> <span class='ocrx_word' id='word_1_33' title='bbox 832 724 957 772; x_wconf 84' lang='lat' dir='ltr'>Deae</span> <span class='ocrx_word' id='word_1_34' title='bbox 1000 722 1303 772; x_wconf 88' lang='lat' dir='ltr'>sacrificium</span> <span class='ocrx_word' id='word_1_35' title='bbox 1345 721 1460 770; x_wconf 86' lang='lat' dir='ltr'>viris</span> <span class='ocrx_word' id='word_1_36' title='bbox 1494 721 1725 770; x_wconf 89' lang='lat' dir='ltr'>omnibus</span> 
     </span>
     <span class='ocr_line' id='line_1_7' title="bbox 411 803 1728 858; baseline -0.005 1"><span class='ocrx_word' id='word_1_37' title='bbox 411 810 730 858; x_wconf 86' lang='lat' dir='ltr'>inaccessum</span> <span class='ocrx_word' id='word_1_38' title='bbox 755 808 910 856; x_wconf 89' lang='lat' dir='ltr'>fiebat</span> <span class='ocrx_word' id='word_1_39' title='bbox 977 807 1131 855; x_wconf 88' lang='lat' dir='ltr'>Unde</span> <span class='ocrx_word' id='word_1_40' title='bbox 1155 806 1327 855; x_wconf 90' lang='lat' dir='ltr'>elabso</span> <span class='ocrx_word' id='word_1_41' title='bbox 1352 811 1519 854; x_wconf 88' lang='lat' dir='ltr'>tamen</span> <span class='ocrx_word' id='word_1_42' title='bbox 1544 803 1728 854; x_wconf 89' lang='lat' dir='ltr'>Clodio</span> 
     </span>
     <span class='ocr_line' id='line_1_8' title="bbox 412 888 1732 956; baseline -0.004 -15"><span class='ocrx_word' id='word_1_43' title='bbox 412 909 596 956; x_wconf 83' lang='lat' dir='ltr'>magna</span> <span class='ocrx_word' id='word_1_44' title='bbox 635 891 822 940; x_wconf 87' lang='lat' dir='ltr'>invidia</span> <span class='ocrx_word' id='word_1_45' title='bbox 860 890 1150 956; x_wconf 82' lang='lat' dir='ltr'>percrebuit</span> <span class='ocrx_word' id='word_1_46' title='bbox 1186 897 1234 938; x_wconf 84' lang='lat' dir='ltr'>et</span> <span class='ocrx_word' id='word_1_47' title='bbox 1271 889 1473 938; x_wconf 82' lang='lat' dir='ltr'>infamia</span> <span class='ocrx_word' id='word_1_48' title='bbox 1512 888 1732 938; x_wconf 85' lang='lat' dir='ltr'>caerimo-</span> 
     </span>
     <span class='ocr_line' id='line_1_9' title="bbox 410 969 1730 1035; baseline -0.005 -11"><span class='ocrx_word' id='word_1_49' title='bbox 410 976 624 1033; x_wconf 88' lang='lat' dir='ltr'>niarum,</span> <span class='ocrx_word' id='word_1_50' title='bbox 658 981 715 1023; x_wconf 90' lang='lat' dir='ltr'>ut</span> <span class='ocrx_word' id='word_1_51' title='bbox 750 982 956 1024; x_wconf 88' lang='lat' dir='ltr'>senatus</span> <span class='ocrx_word' id='word_1_52' title='bbox 982 975 1250 1023; x_wconf 81' lang='lat' dir='ltr'><strong>decernere</strong></span> <span class='ocrx_word' id='word_1_53' title='bbox 1275 977 1551 1035; x_wconf 82' lang='lat' dir='ltr'><strong>cogeretur,</strong></span> <span class='ocrx_word' id='word_1_54' title='bbox 1579 969 1730 1020; x_wconf 61' lang='lat' dir='ltr'>omnib</span> 
     </span>
     <span class='ocr_line' id='line_1_10' title="bbox 412 1053 1729 1122; baseline -0.004 -16"><span class='ocrx_word' id='word_1_55' title='bbox 412 1058 675 1122; x_wconf 83' lang='lat' dir='ltr'>diligentia</span> <span class='ocrx_word' id='word_1_56' title='bbox 719 1058 990 1106; x_wconf 88' lang='lat' dir='ltr'>consulum</span> <span class='ocrx_word' id='word_1_57' title='bbox 1041 1055 1495 1120; x_wconf 81' lang='lat' dir='ltr'>pervestigandum,</span> <span class='ocrx_word' id='word_1_58' title='bbox 1543 1053 1729 1117; x_wconf 85' lang='lat' dir='ltr'>siquod</span> 
     </span>
     <span class='ocr_line' id='line_1_11' title="bbox 411 1136 1729 1205; baseline -0.005 -16"><span class='ocrx_word' id='word_1_59' title='bbox 411 1149 545 1189; x_wconf 92' lang='lat' dir='ltr'>esset</span> <span class='ocrx_word' id='word_1_60' title='bbox 585 1141 806 1205; x_wconf 83' lang='lat' dir='ltr'>publicis</span> <span class='ocrx_word' id='word_1_61' title='bbox 845 1141 1170 1204; x_wconf 82' lang='lat' dir='ltr'>religionibus</span> <span class='ocrx_word' id='word_1_62' title='bbox 1212 1139 1421 1187; x_wconf 87' lang='lat' dir='ltr'>inlatum</span> <span class='ocrx_word' id='word_1_63' title='bbox 1466 1136 1729 1200; x_wconf 81' lang='lat' dir='ltr'>flagitium.</span> 
     </span>
     <span class='ocr_line' id='line_1_12' title="bbox 411 1219 1727 1286; baseline -0.006 -13"><span class='ocrx_word' id='word_1_64' title='bbox 411 1224 717 1273; x_wconf 83' lang='lat' dir='ltr'>Accedebat</span> <span class='ocrx_word' id='word_1_65' title='bbox 756 1225 858 1271; x_wconf 87' lang='lat' dir='ltr'>huc</span> <span class='ocrx_word' id='word_1_66' title='bbox 898 1225 1048 1272; x_wconf 87' lang='lat' dir='ltr'>etiam</span> <span class='ocrx_word' id='word_1_67' title='bbox 1087 1220 1440 1286; x_wconf 77' lang='lat' dir='ltr'>praeiudicium</span> <span class='ocrx_word' id='word_1_68' title='bbox 1467 1219 1727 1282; x_wconf 86' lang='lat' dir='ltr'>quoddam</span> 
     </span>
     <span class='ocr_line' id='line_1_13' title="bbox 415 1302 1733 1367; baseline -0.005 -12"><span class='ocrx_word' id='word_1_69' title='bbox 415 1307 489 1356; x_wconf 87' lang='lat' dir='ltr'>.C.</span> <span class='ocrx_word' id='word_1_70' title='bbox 511 1305 727 1354; x_wconf 75' lang='lat' dir='ltr'>Caesaris</span> <span class='ocrx_word' id='word_1_71' title='bbox 751 1304 912 1367; x_wconf 87' lang='lat' dir='ltr'>ipsius</span> <span class='ocrx_word' id='word_1_72' title='bbox 935 1302 1216 1357; x_wconf 82' lang='lat' dir='ltr'>Pontificis,</span> <span class='ocrx_word' id='word_1_73' title='bbox 1241 1303 1330 1363; x_wconf 89' lang='lat' dir='ltr'>qui</span> <span class='ocrx_word' id='word_1_74' title='bbox 1355 1318 1568 1349; x_wconf 85' lang='lat' dir='ltr'>uxorem</span> <span class='ocrx_word' id='word_1_75' title='bbox 1589 1316 1733 1349; x_wconf 88' lang='lat' dir='ltr'>suam</span> 
     </span>
     <span class='ocr_line' id='line_1_14' title="bbox 410 1384 1732 1451; baseline -0.003 -15"><span class='ocrx_word' id='word_1_76' title='bbox 410 1388 528 1437; x_wconf 91' lang='lat' dir='ltr'>ilico</span> <span class='ocrx_word' id='word_1_77' title='bbox 562 1387 861 1451; x_wconf 86' lang='lat' dir='ltr'>repudiavit.</span> <span class='ocrx_word' id='word_1_78' title='bbox 933 1385 1062 1434; x_wconf 89' lang='lat' dir='ltr'>Post</span> <span class='ocrx_word' id='word_1_79' title='bbox 1099 1384 1239 1448; x_wconf 90' lang='lat' dir='ltr'>quod</span> <span class='ocrx_word' id='word_1_80' title='bbox 1284 1399 1401 1431; x_wconf 87' lang='lat' dir='ltr'>reus</span> <span class='ocrx_word' id='word_1_81' title='bbox 1440 1384 1504 1431; x_wconf 88' lang='lat' dir='ltr'>de</span> <span class='ocrx_word' id='word_1_82' title='bbox 1538 1385 1732 1432; x_wconf 88' lang='lat' dir='ltr'>incesto</span> 
     </span>
     <span class='ocr_line' id='line_1_15' title="bbox 412 1466 1732 1526; baseline -0.004 -7"><span class='ocrx_word' id='word_1_83' title='bbox 412 1473 578 1520; x_wconf 86' lang='lat' dir='ltr'>factus</span> <span class='ocrx_word' id='word_1_84' title='bbox 603 1476 679 1518; x_wconf 92' lang='lat' dir='ltr'>est</span> <span class='ocrx_word' id='word_1_85' title='bbox 716 1469 793 1518; x_wconf 88' lang='lat' dir='ltr'>.P.</span> <span class='ocrx_word' id='word_1_86' title='bbox 821 1469 1051 1526; x_wconf 86' lang='lat' dir='ltr'>Clodius,</span> <span class='ocrx_word' id='word_1_87' title='bbox 1082 1474 1354 1516; x_wconf 89' lang='lat' dir='ltr'>accusante</span> <span class='ocrx_word' id='word_1_88' title='bbox 1392 1466 1470 1515; x_wconf 91' lang='lat' dir='ltr'>.L.</span> <span class='ocrx_word' id='word_1_89' title='bbox 1496 1466 1732 1524; x_wconf 85' lang='lat' dir='ltr'>Lentulo,</span> 
     </span>
     <span class='ocr_line' id='line_1_16' title="bbox 414 1550 1732 1603; baseline -0.003 -1"><span class='ocrx_word' id='word_1_90' title='bbox 414 1554 716 1603; x_wconf 86' lang='lat' dir='ltr'>defendente</span> <span class='ocrx_word' id='word_1_91' title='bbox 755 1552 828 1602; x_wconf 85' lang='lat' dir='ltr'>.C.</span> <span class='ocrx_word' id='word_1_92' title='bbox 855 1552 1077 1601; x_wconf 86' lang='lat' dir='ltr'>Curione</span> <span class='ocrx_word' id='word_1_93' title='bbox 1104 1551 1272 1599; x_wconf 88' lang='lat' dir='ltr'>Patre.</span> <span class='ocrx_word' id='word_1_94' title='bbox 1350 1550 1485 1599; x_wconf 90' lang='lat' dir='ltr'>Nam</span> <span class='ocrx_word' id='word_1_95' title='bbox 1509 1556 1609 1598; x_wconf 88' lang='lat' dir='ltr'>tres</span> <span class='ocrx_word' id='word_1_96' title='bbox 1632 1550 1732 1598; x_wconf 89' lang='lat' dir='ltr'>illis</span> 
     </span>
     <span class='ocr_line' id='line_1_17' title="bbox 413 1634 1731 1703; baseline -0.004 -16"><span class='ocrx_word' id='word_1_97' title='bbox 413 1638 731 1703; x_wconf 88' lang='lat' dir='ltr'>temporibus</span> <span class='ocrx_word' id='word_1_98' title='bbox 750 1636 996 1686; x_wconf 87' lang='lat' dir='ltr'>Curiones</span> <span class='ocrx_word' id='word_1_99' title='bbox 1012 1635 1210 1683; x_wconf 87' lang='lat' dir='ltr'>inlustri</span> <span class='ocrx_word' id='word_1_100' title='bbox 1226 1634 1423 1683; x_wconf 88' lang='lat' dir='ltr'>nomine</span> <span class='ocrx_word' id='word_1_101' title='bbox 1441 1634 1731 1691; x_wconf 83' lang='lat' dir='ltr'>extiterunt,</span> 
     </span>
     <span class='ocr_line' id='line_1_18' title="bbox 414 1718 1733 1785; baseline -0.003 -15"><span class='ocrx_word' id='word_1_102' title='bbox 414 1728 571 1785; x_wconf 91' lang='lat' dir='ltr'>atque</span> <span class='ocrx_word' id='word_1_103' title='bbox 614 1720 684 1768; x_wconf 88' lang='lat' dir='ltr'>ita</span> <span class='ocrx_word' id='word_1_104' title='bbox 729 1720 779 1767; x_wconf 95' lang='lat' dir='ltr'>in</span> <span class='ocrx_word' id='word_1_105' title='bbox 823 1719 980 1767; x_wconf 80' lang='lat' dir='ltr'>libris⁰</span> <span class='ocrx_word' id='word_1_106' title='bbox 1032 1719 1201 1767; x_wconf 88' lang='lat' dir='ltr'>adhuc</span> <span class='ocrx_word' id='word_1_107' title='bbox 1252 1720 1510 1778; x_wconf 78' lang='lat' dir='ltr'>feruntur3</span> <span class='ocrx_word' id='word_1_108' title='bbox 1576 1718 1733 1767; x_wconf 91' lang='lat' dir='ltr'>Curio</span> 
     </span>
     <span class='ocr_line' id='line_1_19' title="bbox 415 1801 1733 1867; baseline -0.002 -15"><span class='ocrx_word' id='word_1_109' title='bbox 415 1804 561 1853; x_wconf 89' lang='lat' dir='ltr'>Avus</span> <span class='ocrx_word' id='word_1_110' title='bbox 602 1803 691 1867; x_wconf 88' lang='lat' dir='ltr'>qui</span> <span class='ocrx_word' id='word_1_111' title='bbox 725 1802 952 1851; x_wconf 86' lang='lat' dir='ltr'>Servium</span> <span class='ocrx_word' id='word_1_112' title='bbox 988 1801 1222 1850; x_wconf 84' lang='lat' dir='ltr'>Fulvium</span> <span class='ocrx_word' id='word_1_113' title='bbox 1262 1802 1438 1849; x_wconf 90' lang='lat' dir='ltr'>incesti</span> <span class='ocrx_word' id='word_1_114' title='bbox 1469 1818 1612 1849; x_wconf 88' lang='lat' dir='ltr'>reum</span> <span class='ocrx_word' id='word_1_115' title='bbox 1648 1803 1733 1850; x_wconf 90' lang='lat' dir='ltr'>de-</span> 
     </span>
     <span class='ocr_line' id='line_1_20' title="bbox 414 1883 1732 1947; baseline -0.001 -13"><span class='ocrx_word' id='word_1_116' title='bbox 414 1886 602 1946; x_wconf 78' lang='lat' dir='ltr'>fendit3</span> <span class='ocrx_word' id='word_1_117' title='bbox 637 1892 688 1933; x_wconf 92' lang='lat' dir='ltr'>et</span> <span class='ocrx_word' id='word_1_118' title='bbox 712 1885 792 1933; x_wconf 89' lang='lat' dir='ltr'>hic</span> <span class='ocrx_word' id='word_1_119' title='bbox 830 1885 905 1934; x_wconf 89' lang='lat' dir='ltr'>.C.</span> <span class='ocrx_word' id='word_1_120' title='bbox 944 1884 1100 1933; x_wconf 88' lang='lat' dir='ltr'>Curio</span> <span class='ocrx_word' id='word_1_121' title='bbox 1122 1884 1289 1941; x_wconf 84' lang='lat' dir='ltr'>Pater,</span> <span class='ocrx_word' id='word_1_122' title='bbox 1318 1885 1406 1947; x_wconf 88' lang='lat' dir='ltr'>qui</span> <span class='ocrx_word' id='word_1_123' title='bbox 1432 1884 1508 1931; x_wconf 90' lang='lat' dir='ltr'>.P.</span> <span class='ocrx_word' id='word_1_124' title='bbox 1546 1883 1732 1933; x_wconf 86' lang='lat' dir='ltr'>Clodio</span> 
     </span>
     <span class='ocr_line' id='line_1_21' title="bbox 416 1966 1732 2030; baseline -0.002 -13"><span class='ocrx_word' id='word_1_125' title='bbox 416 1968 608 2028; x_wconf 73' lang='lat' dir='ltr'>adfuit1,</span> <span class='ocrx_word' id='word_1_126' title='bbox 664 1974 715 2016; x_wconf 87' lang='lat' dir='ltr'>et</span> <span class='ocrx_word' id='word_1_127' title='bbox 753 1968 930 2015; x_wconf 88' lang='lat' dir='ltr'>tertius</span> <span class='ocrx_word' id='word_1_128' title='bbox 971 1968 1056 2016; x_wconf 92' lang='lat' dir='ltr'>ille</span> <span class='ocrx_word' id='word_1_129' title='bbox 1093 1967 1247 2016; x_wconf 88' lang='lat' dir='ltr'>Curio</span> <span class='ocrx_word' id='word_1_130' title='bbox 1294 1966 1595 2015; x_wconf 84' lang='lat' dir='ltr'>tribunicius</span> <span class='ocrx_word' id='word_1_131' title='bbox 1643 1966 1732 2030; x_wconf 89' lang='lat' dir='ltr'>qui</span> 
     </span>
     <span class='ocr_line' id='line_1_22' title="bbox 414 2049 1735 2115; baseline -0.001 -16"><span class='ocrx_word' id='word_1_132' title='bbox 414 2052 552 2100; x_wconf 91' lang='lat' dir='ltr'>bello</span> <span class='ocrx_word' id='word_1_133' title='bbox 579 2051 712 2099; x_wconf 92' lang='lat' dir='ltr'>civili</span> <span class='ocrx_word' id='word_1_134' title='bbox 741 2050 1054 2115; x_wconf 88' lang='lat' dir='ltr'>Pompeiano</span> <span class='ocrx_word' id='word_1_135' title='bbox 1089 2051 1140 2099; x_wconf 92' lang='lat' dir='ltr'>in</span> <span class='ocrx_word' id='word_1_136' title='bbox 1163 2051 1341 2099; x_wconf 80' lang='lat' dir='ltr'>Africa</span> <span class='ocrx_word' id='word_1_137' title='bbox 1364 2050 1525 2114; x_wconf 84' lang='lat' dir='ltr'>periit.</span> <span class='ocrx_word' id='word_1_138' title='bbox 1596 2049 1735 2099; x_wconf 83' lang='lat' dir='ltr'>Nam</span> 
     </span>
     <span class='ocr_line' id='line_1_23' title="bbox 417 2133 1730 2199; baseline -0.001 -17"><span class='ocrx_word' id='word_1_139' title='bbox 417 2152 534 2183; x_wconf 88' lang='lat' dir='ltr'>cum</span> <span class='ocrx_word' id='word_1_140' title='bbox 573 2140 705 2183; x_wconf 89' lang='lat' dir='ltr'>esset</span> <span class='ocrx_word' id='word_1_141' title='bbox 737 2135 958 2199; x_wconf 85' lang='lat' dir='ltr'>partium</span> <span class='ocrx_word' id='word_1_142' title='bbox 998 2133 1229 2192; x_wconf 76' lang='lat' dir='ltr'>CaesariS,</span> <span class='ocrx_word' id='word_1_143' title='bbox 1263 2151 1538 2199; x_wconf 84' lang='lat' dir='ltr'>oppressus</span> <span class='ocrx_word' id='word_1_144' title='bbox 1567 2140 1645 2181; x_wconf 90' lang='lat' dir='ltr'>est</span> <span class='ocrx_word' id='word_1_145' title='bbox 1666 2134 1730 2182; x_wconf 87' lang='lat' dir='ltr'>ab</span> 
     </span>
     <span class='ocr_line' id='line_1_24' title="bbox 417 2216 1733 2282; baseline -0.002 -16"><span class='ocrx_word' id='word_1_146' title='bbox 417 2217 674 2282; x_wconf 89' lang='lat' dir='ltr'>equitibus</span> <span class='ocrx_word' id='word_1_147' title='bbox 697 2217 838 2266; x_wconf 87' lang='lat' dir='ltr'>Iubae</span> <span class='ocrx_word' id='word_1_148' title='bbox 863 2218 1009 2282; x_wconf 83' lang='lat' dir='ltr'>regis.</span> <span class='ocrx_word' id='word_1_149' title='bbox 1081 2218 1183 2266; x_wconf 90' lang='lat' dir='ltr'>Sed</span> <span class='ocrx_word' id='word_1_150' title='bbox 1203 2218 1450 2266; x_wconf 88' lang='lat' dir='ltr'>hactenus</span> <span class='ocrx_word' id='word_1_151' title='bbox 1470 2218 1533 2265; x_wconf 92' lang='lat' dir='ltr'>de</span> <span class='ocrx_word' id='word_1_152' title='bbox 1558 2216 1733 2265; x_wconf 87' lang='lat' dir='ltr'>Curio-</span> 
     </span>
     <span class='ocr_line' id='line_1_25' title="bbox 416 2298 1730 2364; baseline -0.002 -16"><span class='ocrx_word' id='word_1_153' title='bbox 416 2300 566 2349; x_wconf 89' lang='lat' dir='ltr'>nibus</span> <span class='ocrx_word' id='word_1_154' title='bbox 602 2301 797 2349; x_wconf 87' lang='lat' dir='ltr'>dictum</span> <span class='ocrx_word' id='word_1_155' title='bbox 831 2300 933 2350; x_wconf 83' lang='lat' dir='ltr'>sit.d</span> <span class='ocrx_word' id='word_1_156' title='bbox 1021 2300 1242 2350; x_wconf 87' lang='lat' dir='ltr'>Multum</span> <span class='ocrx_word' id='word_1_157' title='bbox 1297 2300 1490 2364; x_wconf 88' lang='lat' dir='ltr'>diuque</span> <span class='ocrx_word' id='word_1_158' title='bbox 1544 2298 1730 2347; x_wconf 89' lang='lat' dir='ltr'>habitis</span> 
     </span>
    </p>
   </div>
   <div class='ocr_carea' id='block_1_3' title="bbox 417 2519 1732 2847">
    <p class='ocr_par' dir='ltr' id='par_1_3' title="bbox 465 2519 911 2566">
     <span class='ocr_line' id='line_1_26' title="bbox 465 2519 911 2566; baseline 0 -13"><span class='ocrx_word' id='word_1_159' title='bbox 465 2522 479 2538; x_wconf 79' lang='lat'>²</span> <span class='ocrx_word' id='word_1_160' title='bbox 504 2519 595 2554; x_wconf 83' lang='lat' dir='ltr'>Cod.</span> <span class='ocrx_word' id='word_1_161' title='bbox 610 2531 686 2554; x_wconf 77' lang='lat' dir='ltr'>cum</span> <span class='ocrx_word' id='word_1_162' title='bbox 702 2532 738 2555; x_wconf 91' lang='lat' dir='ltr'>eo</span> <span class='ocrx_word' id='word_1_163' title='bbox 754 2527 911 2566; x_wconf 76' lang='lat' dir='ltr'>tempore.</span> 
     </span>
    </p>

    <p class='ocr_par' dir='ltr' id='par_1_4' title="bbox 466 2564 739 2602">
     <span class='ocr_line' id='line_1_27' title="bbox 466 2564 739 2602; baseline 0.011 -3"><span class='ocrx_word' id='word_1_164' title='bbox 466 2564 482 2586; x_wconf 76' lang='lat'>¹³</span> <span class='ocrx_word' id='word_1_165' title='bbox 503 2567 593 2601; x_wconf 91' lang='lat' dir='ltr'>Cod.</span> <span class='ocrx_word' id='word_1_166' title='bbox 617 2567 739 2602; x_wconf 74' lang='lat' dir='ltr'>omnia.</span> 
     </span>
    </p>

    <p class='ocr_par' dir='ltr' id='par_1_5' title="bbox 417 2613 1732 2695">
     <span class='ocr_line' id='line_1_28' title="bbox 465 2613 1732 2658; baseline 0.002 -12"><span class='ocrx_word' id='word_1_167' title='bbox 465 2616 480 2632; x_wconf 68' lang='lat'><strong>⁰</strong></span> <span class='ocrx_word' id='word_1_168' title='bbox 504 2613 644 2656; x_wconf 85' lang='lat' dir='ltr'>Nempe</span> <span class='ocrx_word' id='word_1_169' title='bbox 670 2613 708 2646; x_wconf 86' lang='lat' dir='ltr'>in</span> <span class='ocrx_word' id='word_1_170' title='bbox 737 2625 861 2647; x_wconf 87' lang='lat' dir='ltr'>eorum</span> <span class='ocrx_word' id='word_1_171' title='bbox 890 2614 1131 2658; x_wconf 84' lang='lat' dir='ltr'>Orationibus,</span> <span class='ocrx_word' id='word_1_172' title='bbox 1158 2625 1240 2658; x_wconf 79' lang='lat' dir='ltr'>quae</span> <span class='ocrx_word' id='word_1_173' title='bbox 1264 2613 1382 2647; x_wconf 83' lang='lat' dir='ltr'>adhuc</span> <span class='ocrx_word' id='word_1_174' title='bbox 1406 2617 1624 2658; x_wconf 86' lang='lat' dir='ltr'>supererant,</span> <span class='ocrx_word' id='word_1_175' title='bbox 1647 2625 1732 2648; x_wconf 87' lang='lat' dir='ltr'>cum</span> 
     </span>
     <span class='ocr_line' id='line_1_29' title="bbox 417 2656 1022 2695; baseline 0.005 -3"><span class='ocrx_word' id='word_1_176' title='bbox 417 2656 475 2692; x_wconf 84' lang='lat' dir='ltr'>hic</span> <span class='ocrx_word' id='word_1_177' title='bbox 493 2658 778 2694; x_wconf 85' lang='lat' dir='ltr'>Commentarius</span> <span class='ocrx_word' id='word_1_178' title='bbox 793 2660 1022 2695; x_wconf 82' lang='lat' dir='ltr'>scribebatur.</span> 
     </span>
    </p>

    <p class='ocr_par' dir='ltr' id='par_1_6' title="bbox 420 2703 1732 2847">
     <span class='ocr_line' id='line_1_30' title="bbox 466 2703 1732 2749; baseline 0.002 -12"><span class='ocrx_word' id='word_1_179' title='bbox 466 2703 482 2725; x_wconf 76' lang='lat'>²¹</span> <span class='ocrx_word' id='word_1_180' title='bbox 508 2704 565 2738; x_wconf 88' lang='lat' dir='ltr'>De</span> <span class='ocrx_word' id='word_1_181' title='bbox 600 2705 714 2749; x_wconf 87' lang='lat' dir='ltr'>primo</span> <span class='ocrx_word' id='word_1_182' title='bbox 744 2707 902 2741; x_wconf 82' lang='lat' dir='ltr'>Curione</span> <span class='ocrx_word' id='word_1_183' title='bbox 938 2708 988 2742; x_wconf 86' lang='lat' dir='ltr'>sic</span> <span class='ocrx_word' id='word_1_184' title='bbox 1025 2707 1151 2741; x_wconf 87' lang='lat' dir='ltr'>Cicero</span> <span class='ocrx_word' id='word_1_185' title='bbox 1176 2707 1215 2741; x_wconf 84' lang='lat' dir='ltr'>in</span> <span class='ocrx_word' id='word_1_186' title='bbox 1245 2707 1358 2741; x_wconf 86' lang='lat' dir='ltr'>Bruto</span> <span class='ocrx_word' id='word_1_187' title='bbox 1390 2716 1512 2741; x_wconf 78' lang='lat' dir='ltr'>xxxii.</span> <span class='ocrx_word' id='word_1_188' title='bbox 1575 2707 1599 2725; x_wconf 74' lang='lat'>‘⁶</span> <span class='ocrx_word' id='word_1_189' title='bbox 1623 2706 1732 2741; x_wconf 86' lang='lat' dir='ltr'>Curio</span> 
     </span>
     <span class='ocr_line' id='line_1_31' title="bbox 421 2750 1731 2803; baseline 0.003 -20"><span class='ocrx_word' id='word_1_190' title='bbox 421 2750 442 2767; x_wconf 91' lang='lat'>“</span> <span class='ocrx_word' id='word_1_191' title='bbox 467 2750 536 2803; x_wconf 74' lang='lat' dir='ltr'>fuit</span> <span class='ocrx_word' id='word_1_192' title='bbox 563 2751 671 2794; x_wconf 85' lang='lat' dir='ltr'>igitur</span> <span class='ocrx_word' id='word_1_193' title='bbox 697 2753 857 2787; x_wconf 87' lang='lat' dir='ltr'>eiusdem</span> <span class='ocrx_word' id='word_1_194' title='bbox 888 2755 1004 2787; x_wconf 80' lang='lat' dir='ltr'>aetatis</span> <span class='ocrx_word' id='word_1_195' title='bbox 1038 2755 1122 2796; x_wconf 79' lang='lat' dir='ltr'>fere,</span> <span class='ocrx_word' id='word_1_196' title='bbox 1159 2765 1244 2788; x_wconf 86' lang='lat' dir='ltr'>sane</span> <span class='ocrx_word' id='word_1_197' title='bbox 1279 2754 1424 2787; x_wconf 84' lang='lat' dir='ltr'>illustris</span> <span class='ocrx_word' id='word_1_198' title='bbox 1462 2756 1590 2793; x_wconf 87' lang='lat' dir='ltr'>orator,</span> <span class='ocrx_word' id='word_1_199' title='bbox 1628 2754 1731 2787; x_wconf 88' lang='lat' dir='ltr'>cuius</span> 
     </span>
     <span class='ocr_line' id='line_1_32' title="bbox 420 2796 1731 2847; baseline 0.002 -16"><span class='ocrx_word' id='word_1_200' title='bbox 420 2796 442 2815; x_wconf 77' lang='lat'>‘⁶</span> <span class='ocrx_word' id='word_1_201' title='bbox 467 2796 512 2832; x_wconf 89' lang='lat' dir='ltr'>de</span> <span class='ocrx_word' id='word_1_202' title='bbox 527 2798 670 2842; x_wconf 75' lang='lat' dir='ltr'>ingenio</span> <span class='ocrx_word' id='word_1_203' title='bbox 695 2809 744 2834; x_wconf 81' lang='lat' dir='ltr'>cx</span> <span class='ocrx_word' id='word_1_204' title='bbox 767 2800 998 2836; x_wconf 87' lang='lat' dir='ltr'>Orationibus</span> <span class='ocrx_word' id='word_1_205' title='bbox 1024 2801 1100 2836; x_wconf 84' lang='lat' dir='ltr'>eius</span> <span class='ocrx_word' id='word_1_206' title='bbox 1125 2801 1319 2836; x_wconf 80' lang='lat' dir='ltr'>existimari</span> <span class='ocrx_word' id='word_1_207' title='bbox 1342 2802 1471 2847; x_wconf 83' lang='lat' dir='ltr'>potest.</span> <span class='ocrx_word' id='word_1_208' title='bbox 1519 2801 1611 2835; x_wconf 86' lang='lat' dir='ltr'>Sunt</span> <span class='ocrx_word' id='word_1_209' title='bbox 1634 2800 1731 2834; x_wconf 86' lang='lat' dir='ltr'>enim</span> 
     </span>
    </p>
   </div>
  </div>
 </body>
</html>
