1971 3263
637 294 1009 332 mssnR‘rATro.
1407 289 1491 337 xlv

167 399 325 448 bores
369 397 574 446 inficetis
627 400 936 464 temporibus
979 398 1176 447 obruit?
1232 400 1279 448 Ο
1332 401 1489 452 duros

176 500 386 557 animos,
425 517 456 548 o
492 499 759 549 derelictos
803 499 1029 548 homines
1070 500 1133 547 ab
1175 499 1490 551 humanitate

171 598 265 661 qui
283 607 386 646 tam
403 605 600 662 turpem
618 600 811 648 cladem
827 599 1123 648 ediderunt!
1150 599 1310 648 Nulla
1324 607 1493 664 potest

175 697 466 762 eloquentia
479 699 826 762 indignitatem
843 698 911 746 rei
931 714 1022 762 pro
1043 698 1215 746 merito
1233 699 1489 748 detestari.

174 795 356 861 Atque
391 797 582 845 utinam
623 798 760 860 quod
798 798 1124 847 barbarorum
1157 798 1278 846 olim
1308 798 1492 862 impru-

174 896 351 944 dentia
366 903 454 944 aut
483 896 688 944 satietas
721 897 869 944 nobis
906 897 1154 961 reliquum
1193 898 1394 956 fecerat,
1437 898 1490 946 id

170 995 256 1044 alii
299 996 536 1060 deinceps
576 995 915 1044 molestissimi
955 1013 1104 1043 casus
1143 1013 1244 1044 non
1286 996 1492 1061 eripuis-

170 1097 311 1144 sent!
333 1095 467 1144 Hem
484 1096 821 1144 conditionem
834 1095 1069 1143 miseram
1084 1102 1238 1159 atque
1255 1095 1491 1143 acerbam

173 1194 467 1243 Italicorum
490 1195 801 1244 studiorum!
840 1212 1056 1259 quorum
1077 1194 1492 1258 praestantissima

172 1294 281 1343 laus
316 1294 431 1343 ideo
466 1295 613 1359 quasi
640 1295 902 1360 proposita
924 1302 1075 1359 atque
1098 1295 1235 1344 edita
1257 1295 1308 1343 in
1331 1295 1490 1343 altum

171 1395 384 1453 videtur,
408 1401 466 1443 ut
491 1395 556 1442 ab
580 1395 812 1443 omnibus
836 1394 996 1442 ventis
1020 1396 1232 1442 fortunae
1266 1395 1489 1442 adversae

171 1494 535 1542 circumfletur·

237 1592 445 1641 XVIII.
479 1592 582 1640 Sed
601 1609 703 1640 non
722 1594 994 1641 clamitabo
1011 1593 1111 1640 iam
1130 1591 1486 1650 vehementius,

139 1670 142 1673 .
169 1711 263 1744 nec
298 1693 519 1743 volitabo
553 1693 603 1740 in
638 1693 736 1742 hoc
766 1692 1077 1741 insolentius.
1149 1690 1333 1755 Neque
1354 1691 1488 1740 enim

169 1793 286 1843 Itali
303 1800 377 1842 tot
394 1792 729 1842 incommodis
749 1792 983 1841 cladibus
1003 1791 1295 1855 rapinisque
1319 1790 1487 1841 vexati

167 1894 360 1942 idcirco
384 1894 575 1942 animos
599 1895 920 1942 abiecerunt:
973 1893 1124 1941 immo
1147 1909 1262 1940 vero
1300 1891 1487 1940 littera-

168 1994 269 2044 rias
292 1993 507 2051 divitias,
547 1994 705 2058 siquae
742 1993 839 2041 sibi
863 2010 894 2040 a
914 1992 1176 2056 naufragio
1202 1998 1482 2055 supersunt,

167 2094 364 2143 acriore
384 2093 647 2151 industria,
682 2100 852 2158 atque,
878 2099 938 2141 ut
958 2093 1028 2140 ita
1051 2092 1232 2149 dicam,
1258 2091 1484 2154 graviore

167 2212 286 2244 cum
313 2196 504 2243 foenore
526 2199 778 2243 exercent.
849 2192 983 2241 Nam
1007 2199 1058 2240 et
1080 2190 1375 2241 ordinandis
1398 2207 1484 2254 po·

166 2296 406 2360 pulorum
432 2294 664 2352 nummis,
698 2292 1017 2342 declarandis
1039 2307 1214 2354 regum
1237 2290 1482 2354 diploma-

165 2395 317 2453 tibus,
356 2395 581 2458 legendis
613 2409 917 2442 marmorum
954 2391 1130 2449 titulis,
1164 2390 1373 2439 edendis
1396 2406 1481 2438 co-

168 2493 339 2542 dicum
372 2494 574 2558 scriptis
613 2492 1043 2557 diligentissimam
1079 2506 1246 2538 curan]
1289 2489 1480 2552 impen-

167 2593 312 2642 dunt.
382 2592 491 2642 Iam
507 2593 849 2657 pinacothecae
873 2598 922 2639 et
942 2591 1087 2653 lycea
1105 2596 1155 2637 et
1173 2589 1478 2637 nobiliorum

166 2691 409 2742 artificum
452 2692 638 2740 scholae
689 2691 813 2755 quid
865 2690 1006 2737 aliud
1058 2694 1324 2746 ostentant,
1382 2687 1477 2735 nisi

167 2790 435 2855 anaglypta
457 2799 508 2839 et
533 2798 724 2839 statuas
762 2790 974 2853 antiquo
1010 2806 1163 2853 opere
1199 2795 1248 2837 et
1283 2803 1478 2836 summa
