1918 3254
250 1387 346 1420 Edit.

239 1433 286 1467 N.
302 1436 358 1468 41.

227 2076 287 2111 Ad
302 2079 369 2114 Ed.

242 2127 289 2163 N.
304 2132 359 2164 63.

425 295 515 339 102
897 296 998 330 PRO
1024 295 1260 330 PLANcio.

483 392 829 441 Periculosius
867 392 1180 456 aliquantum
1215 393 1374 441 fuerat
1408 399 1622 449 evectus,
1661 399 1718 438 ut

415 476 513 524 hoc
556 475 786 531 dicendo,
823 474 1054 522 voluisti⁸
1103 473 1378 530 Plancium,
1416 472 1716 528 Laterensis,

416 562 538 620 aput
560 555 787 604 inimicos
822 557 1014 605 iudices
1040 556 1282 612 accusari,
1320 557 1594 604 offenderet
1620 555 1721 602 ani-

414 654 522 685 mos
545 655 717 686 eornm
741 639 825 702 qui
861 647 1005 687 erant
1045 641 1107 687 de
1142 656 1297 686 causa
1335 637 1718 702 pronuntiaturi.

414 720 691 781 vigilanter
712 722 884 786 itaque
906 723 1048 770 illum
1081 721 1285 786 quidem
1323 722 1419 769 hoc
1457 719 1606 768 animi
1637 720 1721 766 ha-

413 804 583 853 buisse
620 811 829 853 testatus
865 812 954 860 est,
993 812 1048 851 ut
1085 822 1200 851 reus
1240 803 1426 866 iniquis
1466 801 1720 849 iudicibus

412 888 648 932 uteretur.
720 884 820 932 Sed
847 887 1096 933 fortunam
1134 886 1289 934 multo
1323 884 1612 950 prosperius
1651 886 1735 930 se-v

415 969 677 1025 cundasse‚
717 974 773 1015 ut
802 968 892 1016 viri
927 976 1163 1033 spectatae
1204 969 1527 1018 humanitatis
1565 973 1616 1015 et
1649 967 1722 1015 in-

415 1058 659 1115 corruptae
695 1051 944 1114 religionis
982 1052 1032 1099 in
1064 1053 1192 1099 hanc
1226 1052 1560 1114 cognitionem
1594 1050 1722 1099 veni-

413 1141 537 1189 rent,
583 1151 695 1197 quae
741 1134 992 1182 innocenti
1037 1150 1121 1182 reo
1162 1135 1341 1181 obesse
1384 1149 1482 1180 non
1531 1139 1719 1195 posset.

414 1216 612 1265 Iudices
637 1234 753 1280 ergo
773 1234 872 1265 non
898 1216 1038 1272 laesit,
1077 1222 1127 1263 et
1151 1215 1466 1279 propositum
1490 1214 1722 1262 malitiosi

413 1301 720 1348 accusatoris
740 1300 974 1355 ostendit,

477 1382 567 1429 AN
594 1398 732 1430 VERo
774 1390 952 1429 NUPER
991 1396 1302 1428 CLARISSIMI
1342 1395 1494 1428 elvsss
1528 1395 1718 1429 NOMEN

413 1480 704 1512 EDITrcmM
729 1464 938 1512 lomois
964 1479 1073 1511 NON
1101 1463 1421 1512 TULERUNT?

477 1545 697 1594 Adhucf
732 1548 957 1603 eandem,
995 1554 1244 1610 quantum
1284 1547 1438 1594 rebus
1478 1546 1601 1610 ipsis
1639 1563 1723 1611 ap-

410 1636 567 1694 paret,
611 1630 833 1678 inculcat
870 1629 1184 1693 iniquitatem
1228 1629 1416 1686 iudicii,
1455 1630 1588 1692 quod
1629 1629 1723 1677 La-

408 1713 619 1760 terensis
652 1720 710 1760 ut
746 1730 810 1760 ex
840 1712 1053 1760 editiciis
1078 1713 1296 1768 haberet,
1334 1712 1549 1759 maxime
1584 1712 1720 1761 labo-

410 1802 620 1843 raverat.
694 1794 762 1842 Et
803 1796 897 1842 hac
934 1795 983 1841 in
1024 1801 1164 1856 parte
1202 1795 1722 1843 commemorationem

410 1877 609 1926 videtur
626 1879 788 1926 facere
805 1877 1009 1924 Tullius
1027 1876 1134 1924 eius
1153 1877 1390 1941 temporis
1407 1894 1509 1940 qno
1527 1891 1607 1925 ser
1660 1915 1669 1924 .
1710 1915 1721 1925 .

504 2081 514 2090 .
555 2043 737 2107 partim
758 2043 1021 2091 malitiosis
1046 2043 1311 2090 fraudibus
1337 2043 1721 2105 deprehensum.

414 2126 537 2174 Ideo
564 2132 758 2173 tantum
790 2126 989 2188 negavit
1012 2127 1075 2172 ab
1101 2143 1153 2173 se
1179 2125 1341 2173 statim
1367 2125 1547 2189 puniri,
1585 2127 1724 2189 quod

414 2226 454 2256 11
457 2215 568 2257 atus
591 2215 735 2256 esset.
812 2209 1013 2272 Quippe
1038 2207 1109 2255 vir
1128 2207 1370 2270 sapientia
1389 2208 1630 2272 praeditus
1655 2209 1724 2256 al-

414 2293 536 2339 tiore
575 2307 673 2338 non
710 2291 904 2354 putavit
945 2290 1116 2338 iudicii
1156 2292 1375 2338 futulum
1413 2291 1624 2354 quiquid
1660 2293 1724 2339 fe-

416 2374 566 2422 cisset
588 2374 781 2422 iratus.“

480 2455 605 2505 NON
634 2473 665 2503 v
672 2473 841 2504 EREoR
868 2473 937 2504 NE
964 2472 1090 2504 MIHI
1118 2472 1359 2513 Amnum,
1388 2456 1622 2512 Iumens,
1647 2472 1723 2504 VI-

415 2554 556 2586 DEAR
578 2555 882 2600 ADROGARE‚
914 2555 959 2587 s1
983 2556 1050 2587 DE
1071 2556 1353 2589 QUAESTURA
1374 2555 1484 2586 MEA
1503 2555 1720 2587 DIXERo.

510 2692 523 2706 θ
549 2688 673 2722 Codex
691 2689 832 2722 videtur
847 2689 975 2722 habere
992 2688 1132 2723 soluisti.
1300 2688 1311 2709 ¹
1333 2689 1459 2723 Codex
1477 2689 1630 2724 Adlmnc.

463 2737 478 2759 ἕ
504 2733 587 2766 Hoc
603 2738 657 2767 est
671 2735 759 2768 illud
775 2736 913 2768 celebre
931 2735 1416 2775 dicmm·“Puui1em‚nisi
1443 2747 1555 2769 essem
1582 2737 1701 2769 iratus.
1704 2737 1724 2752 '’

416 2778 516 2812 Hinc
533 2783 652 2812 autem
668 2780 765 2813 haud
779 2781 852 2814 scio
866 2792 910 2814 an
925 2782 1041 2825 aliqua
1056 2782 1119 2815 lux
1136 2783 1303 2825 affulgeat
1315 2783 1393 2815 loco
1407 2782 1587 2816 Ciceronis
1604 2783 1649 2816 N.
1665 2785 1722 2821 63,

416 2824 656 2859 subobscuro:
682 2827 826 2859 “Iubes
848 2827 1034 2860 Plancium
1051 2828 1095 2860 de
1111 2828 1206 2861 vitiis
1221 2808 1426 2862 Latciensis
1445 2829 1573 2862 dicere.
1623 2829 1653 2862 N
1663 2827 1722 2861 ihil

417 2873 591 2916 “potest,
615 2872 684 2907 nisi
700 2883 783 2907 eum
800 2873 903 2907 nimis
920 2874 956 2907 in
973 2885 1010 2908 sc
1023 2873 1232 2908 iracundum
1249 2875 1391 2919 putabis
1409 2875 1548 2909 fuisse.''
