<?xml version="1.0" encoding="UTF-8"?>
<!DOCTYPE html PUBLIC "-//W3C//DTD XHTML 1.0 Transitional//EN"
    "http://www.w3.org/TR/xhtml1/DTD/xhtml1-transitional.dtd">
<html xmlns="http://www.w3.org/1999/xhtml" xml:lang="en" lang="en">
 <head>
  <title>
</title>
<meta http-equiv="Content-Type" content="text/html;charset=utf-8" />
  <meta name='ocr-system' content='tesseract 3.04.00' />
  <meta name='ocr-capabilities' content='ocr_page ocr_carea ocr_par ocr_line ocrx_word'/>
</head>
<body>
  <div class='ocr_page' id='page_1' title='image "./sexorationumfrag00ciceuoft_0017.png"; bbox 0 0 1971 3263; ppageno 0'>
   <div class='ocr_carea' id='block_1_1' title="bbox 867 293 917 341">
    <p class='ocr_par' dir='ltr' id='par_1_1' title="bbox 867 293 917 341">
     <span class='ocr_line' id='line_1_1' title="bbox 867 293 917 341; baseline 0 0"><span class='ocrx_word' id='word_1_1' title='bbox 867 293 917 341; x_wconf 84' lang='lat' dir='ltr'>xi</span> 
     </span>
    </p>
   </div>
   <div class='ocr_carea' id='block_1_2' title="bbox 229 411 1551 2467">
    <p class='ocr_par' dir='ltr' id='par_1_2' title="bbox 229 411 1551 2467">
     <span class='ocr_line' id='line_1_2' title="bbox 232 411 1545 479; baseline -0.006 -13"><span class='ocrx_word' id='word_1_2' title='bbox 232 417 352 474; x_wconf 88' lang='lat' dir='ltr'>dixi,</span> <span class='ocrx_word' id='word_1_3' title='bbox 388 414 618 479; x_wconf 82' lang='lat' dir='ltr'>rescripti</span> <span class='ocrx_word' id='word_1_4' title='bbox 656 419 913 462; x_wconf 87' lang='lat' dir='ltr'>vocantur.</span> <span class='ocrx_word' id='word_1_5' title='bbox 984 413 1162 476; x_wconf 82' lang='lat' dir='ltr'><strong>Atque</strong></span> <span class='ocrx_word' id='word_1_6' title='bbox 1196 411 1278 460; x_wconf 80' lang='lat' dir='ltr'>hic</span> <span class='ocrx_word' id='word_1_7' title='bbox 1304 411 1545 474; x_wconf 82' lang='lat' dir='ltr'>origin‘em</span> 
     </span>
     <span class='ocr_line' id='line_1_3' title="bbox 231 495 1546 559; baseline -0.008 -9"><span class='ocrx_word' id='word_1_8' title='bbox 231 501 356 550; x_wconf 88' lang='lat' dir='ltr'>tanti</span> <span class='ocrx_word' id='word_1_9' title='bbox 382 498 590 551; x_wconf 87' lang='lat' dir='ltr'>Codicis</span> <span class='ocrx_word' id='word_1_10' title='bbox 615 497 767 545; x_wconf 87' lang='lat' dir='ltr'>altius</span> <span class='ocrx_word' id='word_1_11' title='bbox 791 502 1028 559; x_wconf 87' lang='lat' dir='ltr'>repetere,</span> <span class='ocrx_word' id='word_1_12' title='bbox 1053 512 1151 543; x_wconf 87' lang='lat' dir='ltr'>non</span> <span class='ocrx_word' id='word_1_13' title='bbox 1172 495 1420 557; x_wconf 76' lang='lat' dir='ltr'>ingratum</span> <span class='ocrx_word' id='word_1_14' title='bbox 1440 495 1546 541; x_wconf 81' lang='lat' dir='ltr'>fore</span> 
     </span>
     <span class='ocr_line' id='line_1_4' title="bbox 229 577 1545 641; baseline -0.007 -9"><span class='ocrx_word' id='word_1_15' title='bbox 229 583 508 632; x_wconf 86' lang='lat' dir='ltr'>lectoribus</span> <span class='ocrx_word' id='word_1_16' title='bbox 545 581 773 628; x_wconf 78' lang='lat' dir='ltr'>arbitror.</span> <span class='ocrx_word' id='word_1_17' title='bbox 856 578 993 625; x_wconf 85' lang='lat' dir='ltr'>Inter</span> <span class='ocrx_word' id='word_1_18' title='bbox 1026 577 1320 641; x_wconf 89' lang='lat' dir='ltr'>Apenninos</span> <span class='ocrx_word' id='word_1_19' title='bbox 1353 584 1545 624; x_wconf 90' lang='lat' dir='ltr'>montes</span> 
     </span>
     <span class='ocr_line' id='line_1_5' title="bbox 230 659 1547 728; baseline -0.007 -14"><span class='ocrx_word' id='word_1_20' title='bbox 230 667 281 715; x_wconf 91' lang='lat' dir='ltr'>in</span> <span class='ocrx_word' id='word_1_21' title='bbox 303 664 512 728; x_wconf 79' lang='lat' dir='ltr'>Liguria</span> <span class='ocrx_word' id='word_1_22' title='bbox 534 664 595 710; x_wconf 89' lang='lat' dir='ltr'>ad</span> <span class='ocrx_word' id='word_1_23' title='bbox 623 663 790 711; x_wconf 88' lang='lat' dir='ltr'>locum</span> <span class='ocrx_word' id='word_1_24' title='bbox 805 661 893 725; x_wconf 88' lang='lat' dir='ltr'>qui</span> <span class='ocrx_word' id='word_1_25' title='bbox 915 660 1132 708; x_wconf 87' lang='lat' dir='ltr'>Bobium</span> <span class='ocrx_word' id='word_1_26' title='bbox 1161 660 1310 707; x_wconf 84' lang='lat' dir='ltr'>etiam</span> <span class='ocrx_word' id='word_1_27' title='bbox 1335 659 1547 722; x_wconf 83' lang='lat' dir='ltr'>antiqui-</span> 
     </span>
     <span class='ocr_line' id='line_1_6' title="bbox 230 742 1548 810; baseline -0.005 -13"><span class='ocrx_word' id='word_1_28' title='bbox 230 757 317 797; x_wconf 89' lang='lat' dir='ltr'>tus</span> <span class='ocrx_word' id='word_1_29' title='bbox 340 754 665 810; x_wconf 88' lang='lat' dir='ltr'>nuncupatus</span> <span class='ocrx_word' id='word_1_30' title='bbox 684 747 854 801; x_wconf 84' lang='lat' dir='ltr'>fertur,</span> <span class='ocrx_word' id='word_1_31' title='bbox 873 743 1021 791; x_wconf 90' lang='lat' dir='ltr'>divus</span> <span class='ocrx_word' id='word_1_32' title='bbox 1044 742 1394 790; x_wconf 86' lang='lat' dir='ltr'>Columbanus</span> <span class='ocrx_word' id='word_1_33' title='bbox 1419 760 1548 791; x_wconf 91' lang='lat' dir='ltr'>anno</span> 
     </span>
     <span class='ocr_line' id='line_1_7' title="bbox 231 824 1546 896; baseline -0.005 -16"><span class='ocrx_word' id='word_1_34' title='bbox 231 838 350 896; x_wconf 90' lang='lat' dir='ltr'>post</span> <span class='ocrx_word' id='word_1_35' title='bbox 368 831 624 879; x_wconf 84' lang='lat' dir='ltr'>Christum</span> <span class='ocrx_word' id='word_1_36' title='bbox 644 836 818 875; x_wconf 88' lang='lat' dir='ltr'>natum</span> <span class='ocrx_word' id='word_1_37' title='bbox 840 824 1071 875; x_wconf 88' lang='lat' dir='ltr'><strong>DCXII.</strong></span> <span class='ocrx_word' id='word_1_38' title='bbox 1103 825 1546 874; x_wconf 86' lang='lat' dir='ltr'>Benedictinorum</span> 
     </span>
     <span class='ocr_line' id='line_1_8' title="bbox 232 908 1547 972; baseline -0.004 -10"><span class='ocrx_word' id='word_1_39' title='bbox 232 915 507 963; x_wconf 89' lang='lat' dir='ltr'>claustrum</span> <span class='ocrx_word' id='word_1_40' title='bbox 551 910 814 958; x_wconf 83' lang='lat' dir='ltr'>fundavit.g</span> <span class='ocrx_word' id='word_1_41' title='bbox 899 908 977 956; x_wconf 89' lang='lat' dir='ltr'>Ea</span> <span class='ocrx_word' id='word_1_42' title='bbox 1011 925 1162 972; x_wconf 86' lang='lat' dir='ltr'>porro</span> <span class='ocrx_word' id='word_1_43' title='bbox 1202 908 1417 956; x_wconf 83' lang='lat' dir='ltr'>Familia</span> <span class='ocrx_word' id='word_1_44' title='bbox 1449 925 1547 957; x_wconf 89' lang='lat' dir='ltr'>non</span> 
     </span>
     <span class='ocr_line' id='line_1_9' title="bbox 229 991 1547 1047; baseline -0.005 -2"><span class='ocrx_word' id='word_1_45' title='bbox 229 1011 427 1045; x_wconf 88' lang='lat' dir='ltr'>morum</span> <span class='ocrx_word' id='word_1_46' title='bbox 452 995 799 1041; x_wconf 84' lang='lat' dir='ltr'>tantummodo</span> <span class='ocrx_word' id='word_1_47' title='bbox 826 992 1172 1047; x_wconf 87' lang='lat' dir='ltr'>sanctimonia,</span> <span class='ocrx_word' id='word_1_48' title='bbox 1202 1008 1375 1039; x_wconf 86' lang='lat' dir='ltr'>verum</span> <span class='ocrx_word' id='word_1_49' title='bbox 1399 991 1547 1039; x_wconf 87' lang='lat' dir='ltr'>etiam</span> 
     </span>
     <span class='ocr_line' id='line_1_10' title="bbox 229 1075 1549 1139; baseline -0.002 -13"><span class='ocrx_word' id='word_1_50' title='bbox 229 1079 506 1126; x_wconf 86' lang='lat' dir='ltr'>litterarum</span> <span class='ocrx_word' id='word_1_51' title='bbox 530 1076 951 1139; x_wconf 81' lang='lat' dir='ltr'>scientiarumque</span> <span class='ocrx_word' id='word_1_52' title='bbox 971 1075 1157 1133; x_wconf 81' lang='lat' dir='ltr'>studio,</span> <span class='ocrx_word' id='word_1_53' title='bbox 1176 1084 1421 1138; x_wconf 88' lang='lat' dir='ltr'>quantum</span> <span class='ocrx_word' id='word_1_54' title='bbox 1433 1087 1549 1123; x_wconf 89' lang='lat' dir='ltr'>tem-</span> 
     </span>
     <span class='ocr_line' id='line_1_11' title="bbox 229 1156 1549 1226; baseline -0.002 -16"><span class='ocrx_word' id='word_1_55' title='bbox 229 1177 355 1226; x_wconf 86' lang='lat' dir='ltr'>pora</span> <span class='ocrx_word' id='word_1_56' title='bbox 389 1160 728 1225; x_wconf 86' lang='lat' dir='ltr'>patiebantur,</span> <span class='ocrx_word' id='word_1_57' title='bbox 763 1158 972 1221; x_wconf 80' lang='lat' dir='ltr'>insignis</span> <span class='ocrx_word' id='word_1_58' title='bbox 1007 1156 1201 1206; x_wconf 82' lang='lat' dir='ltr'>evasit.h</span> <span class='ocrx_word' id='word_1_59' title='bbox 1274 1157 1337 1205; x_wconf 91' lang='lat' dir='ltr'>Ei</span> <span class='ocrx_word' id='word_1_60' title='bbox 1371 1175 1549 1208; x_wconf 84' lang='lat' dir='ltr'>coeno-</span> 
     </span>
     <span class='ocr_line' id='line_1_12' title="bbox 230 1240 1549 1305; baseline -0.007 -14"><span class='ocrx_word' id='word_1_61' title='bbox 230 1244 315 1292; x_wconf 89' lang='lat' dir='ltr'>bio</span> <span class='ocrx_word' id='word_1_62' title='bbox 341 1243 624 1305; x_wconf 87' lang='lat' dir='ltr'>studiisque</span> <span class='ocrx_word' id='word_1_63' title='bbox 657 1241 946 1289; x_wconf 84' lang='lat' dir='ltr'>monasticis</span> <span class='ocrx_word' id='word_1_64' title='bbox 977 1241 1174 1304; x_wconf 62' lang='lat' dir='ltr'>praefuit</span> <span class='ocrx_word' id='word_1_65' title='bbox 1206 1240 1394 1288; x_wconf 85' lang='lat' dir='ltr'>saeculo</span> <span class='ocrx_word' id='word_1_66' title='bbox 1435 1249 1549 1304; x_wconf 83' lang='lat' dir='ltr'>post</span> 
     </span>
     <span class='ocr_line' id='line_1_13' title="bbox 233 1322 1548 1386; baseline -0.001 -13"><span class='ocrx_word' id='word_1_67' title='bbox 233 1325 490 1374; x_wconf 87' lang='lat' dir='ltr'>Christum</span> <span class='ocrx_word' id='word_1_68' title='bbox 528 1323 596 1372; x_wconf 92' lang='lat' dir='ltr'>X.</span> <span class='ocrx_word' id='word_1_69' title='bbox 680 1324 959 1371; x_wconf 87' lang='lat' dir='ltr'>Gerbertus</span> <span class='ocrx_word' id='word_1_70' title='bbox 1000 1322 1200 1379; x_wconf 83' lang='lat' dir='ltr'>Gallus,</span> <span class='ocrx_word' id='word_1_71' title='bbox 1241 1323 1327 1386; x_wconf 92' lang='lat' dir='ltr'>qui</span> <span class='ocrx_word' id='word_1_72' title='bbox 1368 1324 1548 1372; x_wconf 89' lang='lat' dir='ltr'>deinde</span> 
     </span>
     <span class='ocr_line' id='line_1_14' title="bbox 233 1406 1549 1456; baseline -0.001 -1"><span class='ocrx_word' id='word_1_73' title='bbox 233 1424 488 1456; x_wconf 83' lang='lat' dir='ltr'>romanam</span> <span class='ocrx_word' id='word_1_74' title='bbox 522 1407 707 1454; x_wconf 85' lang='lat' dir='ltr'>Sedem</span> <span class='ocrx_word' id='word_1_75' title='bbox 741 1423 856 1453; x_wconf 88' lang='lat' dir='ltr'>cum</span> <span class='ocrx_word' id='word_1_76' title='bbox 891 1406 1117 1453; x_wconf 88' lang='lat' dir='ltr'>Silvestri</span> <span class='ocrx_word' id='word_1_77' title='bbox 1154 1406 1221 1453; x_wconf 83' lang='grc' dir='ltr'>ΙΙ.</span> <span class='ocrx_word' id='word_1_78' title='bbox 1251 1406 1448 1454; x_wconf 89' lang='lat' dir='ltr'>nomine</span> <span class='ocrx_word' id='word_1_79' title='bbox 1482 1414 1549 1454; x_wconf 85' lang='lat' dir='ltr'>te-</span> 
     </span>
     <span class='ocr_line' id='line_1_15' title="bbox 234 1489 1549 1553; baseline -0.002 -14"><span class='ocrx_word' id='word_1_80' title='bbox 234 1492 372 1539; x_wconf 86' lang='lat' dir='ltr'>nuit:</span> <span class='ocrx_word' id='word_1_81' title='bbox 408 1490 481 1537; x_wconf 87' lang='lat' dir='ltr'>vir</span> <span class='ocrx_word' id='word_1_82' title='bbox 512 1489 820 1552; x_wconf 84' lang='lat' dir='ltr'>temporibus</span> <span class='ocrx_word' id='word_1_83' title='bbox 851 1489 955 1536; x_wconf 90' lang='lat' dir='ltr'>suis</span> <span class='ocrx_word' id='word_1_84' title='bbox 990 1489 1137 1552; x_wconf 88' lang='lat' dir='ltr'>plane</span> <span class='ocrx_word' id='word_1_85' title='bbox 1169 1489 1410 1553; x_wconf 88' lang='lat' dir='ltr'>superior,</span> <span class='ocrx_word' id='word_1_86' title='bbox 1450 1506 1549 1536; x_wconf 86' lang='lat' dir='ltr'>ma-</span> 
     </span>
     <span class='ocr_line' id='line_1_16' title="bbox 232 1571 1549 1621; baseline -0.002 0"><span class='ocrx_word' id='word_1_87' title='bbox 232 1572 514 1621; x_wconf 86' lang='lat' dir='ltr'>thematicae</span> <span class='ocrx_word' id='word_1_88' title='bbox 549 1571 809 1618; x_wconf 77' lang='lat' dir='ltr'>rhetoricae</span> <span class='ocrx_word' id='word_1_89' title='bbox 842 1571 1049 1619; x_wconf 83' lang='lat' dir='ltr'>musicae</span> <span class='ocrx_word' id='word_1_90' title='bbox 1091 1572 1349 1620; x_wconf 73' lang='lat' dir='ltr'>medicinae</span> <span class='ocrx_word' id='word_1_91' title='bbox 1395 1572 1549 1619; x_wconf 89' lang='lat' dir='ltr'>omni-</span> 
     </span>
     <span class='ocr_line' id='line_1_17' title="bbox 233 1654 1549 1719; baseline -0.001 -16"><span class='ocrx_word' id='word_1_92' title='bbox 233 1671 419 1718; x_wconf 86' lang='lat' dir='ltr'>umque</span> <span class='ocrx_word' id='word_1_93' title='bbox 474 1670 618 1718; x_wconf 86' lang='lat' dir='ltr'>paene</span> <span class='ocrx_word' id='word_1_94' title='bbox 669 1654 1041 1717; x_wconf 84' lang='lat' dir='ltr'>disciplinarum</span> <span class='ocrx_word' id='word_1_95' title='bbox 1081 1654 1549 1719; x_wconf 70' lang='lat' dir='ltr'>prudentissimus.i</span> 
     </span>
     <span class='ocr_line' id='line_1_18' title="bbox 236 1736 1547 1800; baseline 0 -15"><span class='ocrx_word' id='word_1_96' title='bbox 236 1739 411 1793; x_wconf 86' lang='lat' dir='ltr'>Quum</span> <span class='ocrx_word' id='word_1_97' title='bbox 436 1736 583 1800; x_wconf 80' lang='lat' dir='ltr'>igitur</span> <span class='ocrx_word' id='word_1_98' title='bbox 600 1737 729 1784; x_wconf 92' lang='lat' dir='ltr'>illud</span> <span class='ocrx_word' id='word_1_99' title='bbox 765 1736 1131 1784; x_wconf 88' lang='lat' dir='ltr'>Monasterium</span> <span class='ocrx_word' id='word_1_100' title='bbox 1155 1736 1206 1784; x_wconf 91' lang='lat' dir='ltr'>in</span> <span class='ocrx_word' id='word_1_101' title='bbox 1242 1738 1419 1785; x_wconf 87' lang='lat' dir='ltr'>mediis</span> <span class='ocrx_word' id='word_1_102' title='bbox 1453 1738 1547 1785; x_wconf 86' lang='lat' dir='ltr'>Ita-</span> 
     </span>
     <span class='ocr_line' id='line_1_19' title="bbox 232 1819 1547 1882; baseline -0.002 -13"><span class='ocrx_word' id='word_1_103' title='bbox 232 1822 397 1871; x_wconf 90' lang='lat' dir='ltr'>lorum</span> <span class='ocrx_word' id='word_1_104' title='bbox 433 1820 666 1877; x_wconf 90' lang='lat' dir='ltr'>tenebris,</span> <span class='ocrx_word' id='word_1_105' title='bbox 706 1819 878 1882; x_wconf 87' lang='lat' dir='ltr'>aliqua</span> <span class='ocrx_word' id='word_1_106' title='bbox 919 1819 1195 1867; x_wconf 86' lang='lat' dir='ltr'>litterarum</span> <span class='ocrx_word' id='word_1_107' title='bbox 1226 1820 1338 1868; x_wconf 88' lang='lat' dir='ltr'>luce</span> <span class='ocrx_word' id='word_1_108' title='bbox 1369 1820 1547 1869; x_wconf 85' lang='lat' dir='ltr'>collus·</span> 
     </span>
     <span class='ocr_line' id='line_1_20' title="bbox 232 1902 1546 1967; baseline -0.001 -15"><span class='ocrx_word' id='word_1_109' title='bbox 232 1910 459 1961; x_wconf 88' lang='lat' dir='ltr'>traretur,</span> <span class='ocrx_word' id='word_1_110' title='bbox 480 1903 723 1951; x_wconf 89' lang='lat' dir='ltr'>librorum</span> <span class='ocrx_word' id='word_1_111' title='bbox 742 1902 1051 1967; x_wconf 85' lang='lat' dir='ltr'>supellectile</span> <span class='ocrx_word' id='word_1_112' title='bbox 1069 1919 1239 1951; x_wconf 86' lang='lat' dir='ltr'>carere</span> <span class='ocrx_word' id='word_1_113' title='bbox 1255 1920 1352 1952; x_wconf 91' lang='lat' dir='ltr'>non</span> <span class='ocrx_word' id='word_1_114' title='bbox 1368 1903 1546 1967; x_wconf 90' lang='lat' dir='ltr'>potuit.</span> 
     </span>
     <span class='ocr_line' id='line_1_21' title="bbox 236 1985 1546 2050; baseline -0.002 -15"><span class='ocrx_word' id='word_1_115' title='bbox 236 1986 502 2035; x_wconf 88' lang='lat' dir='ltr'>Bobiensis</span> <span class='ocrx_word' id='word_1_116' title='bbox 523 1985 857 2034; x_wconf 83' lang='lat' dir='ltr'>Bibliothecae</span> <span class='ocrx_word' id='word_1_117' title='bbox 891 1986 1190 2050; x_wconf 86' lang='lat' dir='ltr'>Catalogum</span> <span class='ocrx_word' id='word_1_118' title='bbox 1213 1987 1402 2035; x_wconf 84' lang='lat' dir='ltr'>saeculo</span> <span class='ocrx_word' id='word_1_119' title='bbox 1421 1988 1546 2034; x_wconf 84' lang='lat' dir='ltr'>forte</span> 
     </span>
     <span class='ocr_line' id='line_1_22' title="bbox 237 2068 1546 2134; baseline 0.001 -18"><span class='ocrx_word' id='word_1_120' title='bbox 237 2068 304 2117; x_wconf 88' lang='lat' dir='ltr'>X.</span> <span class='ocrx_word' id='word_1_121' title='bbox 322 2068 564 2132; x_wconf 88' lang='lat' dir='ltr'>scriptum</span> <span class='ocrx_word' id='word_1_122' title='bbox 584 2068 879 2117; x_wconf 88' lang='lat' dir='ltr'>Luduvicus</span> <span class='ocrx_word' id='word_1_123' title='bbox 900 2068 1211 2117; x_wconf 86' lang='lat' dir='ltr'>Muratorius</span> <span class='ocrx_word' id='word_1_124' title='bbox 1226 2070 1412 2134; x_wconf 90' lang='lat' dir='ltr'>publici</span> <span class='ocrx_word' id='word_1_125' title='bbox 1430 2070 1546 2118; x_wconf 90' lang='lat' dir='ltr'>iuris</span> 
     </span>
     <span class='ocr_line' id='line_1_23' title="bbox 230 2150 1548 2215; baseline 0.002 -16"><span class='ocrx_word' id='word_1_126' title='bbox 230 2150 410 2200; x_wconf 81' lang='lat' dir='ltr'>fecit:¹¹</span> <span class='ocrx_word' id='word_1_127' title='bbox 437 2151 486 2199; x_wconf 91' lang='lat' dir='ltr'>in</span> <span class='ocrx_word' id='word_1_128' title='bbox 519 2168 620 2215; x_wconf 89' lang='lat' dir='ltr'>quo</span> <span class='ocrx_word' id='word_1_129' title='bbox 650 2152 774 2199; x_wconf 87' lang='lat' dir='ltr'>bene</span> <span class='ocrx_word' id='word_1_130' title='bbox 795 2151 943 2214; x_wconf 79' lang='lat' dir='ltr'>longo</span> <span class='ocrx_word' id='word_1_131' title='bbox 968 2151 1144 2200; x_wconf 88' lang='lat' dir='ltr'>Indice</span> <span class='ocrx_word' id='word_1_132' title='bbox 1177 2169 1275 2201; x_wconf 87' lang='lat' dir='ltr'>non</span> <span class='ocrx_word' id='word_1_133' title='bbox 1302 2153 1371 2200; x_wconf 88' lang='lat' dir='ltr'>rei</span> <span class='ocrx_word' id='word_1_134' title='bbox 1393 2170 1548 2201; x_wconf 85' lang='lat' dir='ltr'>sacrae</span> 
     </span>
     <span class='ocr_line' id='line_1_24' title="bbox 236 2234 1546 2298; baseline 0.002 -17"><span class='ocrx_word' id='word_1_135' title='bbox 236 2235 402 2282; x_wconf 88' lang='lat' dir='ltr'>solum</span> <span class='ocrx_word' id='word_1_136' title='bbox 449 2234 728 2298; x_wconf 84' lang='lat' dir='ltr'>scriptoreS‚</span> <span class='ocrx_word' id='word_1_137' title='bbox 766 2252 939 2283; x_wconf 87' lang='lat' dir='ltr'>verum</span> <span class='ocrx_word' id='word_1_138' title='bbox 977 2235 1125 2283; x_wconf 89' lang='lat' dir='ltr'>etiam</span> <span class='ocrx_word' id='word_1_139' title='bbox 1163 2235 1546 2292; x_wconf 86' lang='lat' dir='ltr'>Grammaticos,</span> 
     </span>
     <span class='ocr_line' id='line_1_25' title="bbox 238 2316 1551 2381; baseline 0.002 -17"><span class='ocrx_word' id='word_1_140' title='bbox 238 2316 538 2374; x_wconf 77' lang='lat' dir='ltr'>HistoriCOS‚</span> <span class='ocrx_word' id='word_1_141' title='bbox 579 2317 835 2374; x_wconf 87' lang='lat' dir='ltr'>Oratores,</span> <span class='ocrx_word' id='word_1_142' title='bbox 870 2318 1073 2376; x_wconf 87' lang='lat' dir='ltr'>Poetas,</span> <span class='ocrx_word' id='word_1_143' title='bbox 1116 2325 1163 2366; x_wconf 92' lang='lat' dir='ltr'>et</span> <span class='ocrx_word' id='word_1_144' title='bbox 1199 2318 1406 2381; x_wconf 84' lang='lat' dir='ltr'>reliquae</span> <span class='ocrx_word' id='word_1_145' title='bbox 1441 2335 1551 2381; x_wconf 84' lang='lat' dir='ltr'>pro-</span> 
     </span>
     <span class='ocr_line' id='line_1_26' title="bbox 236 2386 1550 2467; baseline 0 -20"><span class='ocrx_word' id='word_1_146' title='bbox 236 2386 362 2448; x_wconf 81' lang='lat' dir='ltr'>fanae</span> <span class='ocrx_word' id='word_1_147' title='bbox 407 2400 699 2448; x_wconf 79' lang='lat' dir='ltr'>litteraturae</span> <span class='ocrx_word' id='word_1_148' title='bbox 753 2407 983 2450; x_wconf 87' lang='lat' dir='ltr'>auctores</span> <span class='ocrx_word' id='word_1_149' title='bbox 1004 2418 1104 2450; x_wconf 88' lang='lat' dir='ltr'>non</span> <span class='ocrx_word' id='word_1_150' title='bbox 1146 2416 1338 2467; x_wconf 87' lang='lat' dir='ltr'>paucos</span> <span class='ocrx_word' id='word_1_151' title='bbox 1380 2400 1550 2463; x_wconf 82' lang='lat' dir='ltr'>depre-</span> 
     </span>
    </p>
   </div>
   <div class='ocr_carea' id='block_1_3' title="bbox 241 2658 1549 2893">
    <p class='ocr_par' dir='ltr' id='par_1_3' title="bbox 241 2658 1549 2800">
     <span class='ocr_line' id='line_1_27' title="bbox 283 2658 1549 2705; baseline 0.002 -13"><span class='ocrx_word' id='word_1_152' title='bbox 283 2663 300 2684; x_wconf 72' lang='lat'><em>=</em></span> <span class='ocrx_word' id='word_1_153' title='bbox 324 2658 500 2693; x_wconf 84' lang='lat' dir='ltr'>Mabillon</span> <span class='ocrx_word' id='word_1_154' title='bbox 516 2658 646 2693; x_wconf 88' lang='lat' dir='ltr'>Annal.</span> <span class='ocrx_word' id='word_1_155' title='bbox 673 2659 811 2694; x_wconf 85' lang='lat' dir='ltr'>Bened.</span> <span class='ocrx_word' id='word_1_156' title='bbox 826 2659 869 2694; x_wconf 93' lang='lat' dir='ltr'>T.</span> <span class='ocrx_word' id='word_1_157' title='bbox 883 2670 905 2694; x_wconf 91' lang='lat'>1.</span> <span class='ocrx_word' id='word_1_158' title='bbox 931 2670 965 2704; x_wconf 86' lang='lat' dir='ltr'>p.</span> <span class='ocrx_word' id='word_1_159' title='bbox 975 2662 1056 2695; x_wconf 82' lang='lat'><strong>296.</strong></span> <span class='ocrx_word' id='word_1_160' title='bbox 1082 2660 1226 2705; x_wconf 79' lang='lat' dir='ltr'>Ughelli</span> <span class='ocrx_word' id='word_1_161' title='bbox 1246 2660 1433 2697; x_wconf 56' lang='lat' dir='ltr'>nais-aer.</span> <span class='ocrx_word' id='word_1_162' title='bbox 1448 2663 1490 2696; x_wconf 92' lang='lat' dir='ltr'>T.</span> <span class='ocrx_word' id='word_1_163' title='bbox 1506 2674 1549 2696; x_wconf 78' lang='grc' dir='ltr'>ιν.</span> 
     </span>
     <span class='ocr_line' id='line_1_28' title="bbox 241 2708 1264 2800; baseline 0.004 -16"><span class='ocrx_word' id='word_1_164' title='bbox 241 2708 536 2800; x_wconf 41' lang='lat' dir='ltr'>p&#39;fi&#39;ziii&#39;raboschi</span> <span class='ocrx_word' id='word_1_165' title='bbox 553 2752 667 2785; x_wconf 75' lang='lat' dir='ltr'>Storia</span> <span class='ocrx_word' id='word_1_166' title='bbox 681 2752 773 2785; x_wconf 67' lang='lat' dir='ltr'>dena</span> <span class='ocrx_word' id='word_1_167' title='bbox 791 2752 887 2786; x_wconf 80' lang='lat' dir='ltr'>Lett.</span> <span class='ocrx_word' id='word_1_168' title='bbox 913 2752 995 2787; x_wconf 75' lang='lat' dir='ltr'>itai.</span> <span class='ocrx_word' id='word_1_169' title='bbox 1009 2752 1052 2788; x_wconf 81' lang='grc' dir='ltr'>Τ.</span> <span class='ocrx_word' id='word_1_170' title='bbox 1073 2764 1121 2788; x_wconf 86' lang='lat'>111.</span> <span class='ocrx_word' id='word_1_171' title='bbox 1141 2765 1173 2798; x_wconf 82' lang='lat' dir='ltr'>p.</span> <span class='ocrx_word' id='word_1_172' title='bbox 1186 2755 1264 2788; x_wconf 83' lang='lat'>104.</span> 
     </span>
    </p>

    <p class='ocr_par' dir='ltr' id='par_1_4' title="bbox 280 2797 839 2842">
     <span class='ocr_line' id='line_1_29' title="bbox 280 2797 839 2842; baseline 0.005 -12"><span class='ocrx_word' id='word_1_173' title='bbox 280 2802 288 2816; x_wconf 79' lang='lat'><strong>³</strong></span> <span class='ocrx_word' id='word_1_174' title='bbox 316 2797 417 2831; x_wconf 83' lang='lat' dir='ltr'>Idem</span> <span class='ocrx_word' id='word_1_175' title='bbox 434 2799 559 2831; x_wconf 82' lang='lat' dir='ltr'>eodem</span> <span class='ocrx_word' id='word_1_176' title='bbox 576 2799 692 2832; x_wconf 75' lang='lat' dir='ltr'>&#39;remo</span> <span class='ocrx_word' id='word_1_177' title='bbox 709 2810 741 2842; x_wconf 90' lang='lat' dir='ltr'>p.</span> <span class='ocrx_word' id='word_1_178' title='bbox 759 2801 839 2833; x_wconf 73' lang='lat'>204.</span> 
     </span>
    </p>

    <p class='ocr_par' dir='ltr' id='par_1_5' title="bbox 286 2842 1341 2893">
     <span class='ocr_line' id='line_1_30' title="bbox 286 2842 1341 2893; baseline 0.004 -17"><span class='ocrx_word' id='word_1_179' title='bbox 286 2842 301 2864; x_wconf 53' lang='grc' dir='ltr'>Β</span> <span class='ocrx_word' id='word_1_180' title='bbox 327 2843 506 2889; x_wconf 80' lang='lat' dir='ltr'>Antiquit.</span> <span class='ocrx_word' id='word_1_181' title='bbox 533 2845 614 2879; x_wconf 81' lang='lat' dir='ltr'>Ital.</span> <span class='ocrx_word' id='word_1_182' title='bbox 633 2845 734 2880; x_wconf 78' lang='lat' dir='ltr'>Med.</span> <span class='ocrx_word' id='word_1_183' title='bbox 751 2846 833 2881; x_wconf 81' lang='lat' dir='ltr'>AEv.</span> <span class='ocrx_word' id='word_1_184' title='bbox 849 2845 893 2880; x_wconf 89' lang='lat' dir='ltr'>T.</span> <span class='ocrx_word' id='word_1_185' title='bbox 909 2855 959 2882; x_wconf 88' lang='lat'>111.</span> <span class='ocrx_word' id='word_1_186' title='bbox 973 2845 1126 2882; x_wconf 83' lang='lat' dir='ltr'>Dissert.</span> <span class='ocrx_word' id='word_1_187' title='bbox 1140 2850 1196 2883; x_wconf 88' lang='lat'>43.</span> <span class='ocrx_word' id='word_1_188' title='bbox 1211 2858 1245 2893; x_wconf 83' lang='lat' dir='ltr'>p.</span> <span class='ocrx_word' id='word_1_189' title='bbox 1262 2849 1341 2883; x_wconf 85' lang='grc'>818.</span> 
     </span>
    </p>
   </div>
  </div>
 </body>
</html>
