1971 3263
676 322 776 360 PRO
812 323 1023 360 SCAURO.
1443 323 1501 366 15

207 417 412 468 ulterior
452 417 744 483 Scipionum
768 421 794 447 ²*
832 458 841 467 .
880 459 890 468 .
929 459 939 468 .
975 419 1102 468 bono
1146 417 1319 482 quanti
1364 419 1504 481 quod

207 502 426 549 habebat
447 501 646 550 veniret.

272 584 510 647 Agedum
546 600 638 646 ego
663 584 862 632 defendi
888 585 1127 633 Scaurum
1165 623 1174 633 .
1214 622 1224 632 .
1264 622 1273 631 .
1309 582 1505 630 Triari:

208 666 408 728 defende
441 674 483 730 ἕξ]
517 673 724 714 matrem
762 705 771 714 .
812 705 822 714 .
861 705 871 714 .
906 668 1166 730 intququagi
1190 684 1290 714 non
1322 666 1510 714 solvena

208 748 273 795 do
305 749 460 796 fuisse
495 749 640 798 bona.
711 748 946 811 Denique
983 765 1096 796 reus
1135 749 1267 796 bona
1303 781 1312 790 ·
1352 789 1362 799 .
1398 764 1511 811 pro-

207 830 394 893 scripta
416 847 526 878 esse
549 832 682 892 boni}
715 863 725 872 ·
764 867 774 877 .
813 862 823 872 -
862 871 872 880 .
912 860 922 871 -
960 872 970 881 .
1007 869 1016 878 .
1057 858 1067 872 .-
1107 856 1507 880 .........

206 911 283 959 Te
320 913 426 960 dixi
458 912 779 960 libidinosam
812 921 966 977 atque
1001 914 1263 977 inprobam
1297 918 1509 960 matrem

206 994 463 1042 infamiae
508 1002 628 1043 noto
669 996 918 1044 adulterio
960 996 1148 1044 iamdiu
1190 994 1509 1058 diligebatis,

207 1093 316 1124 cum
360 1077 489 1125 hanc
521 1095 664 1126 suam
689 1094 901 1126 uxorem
940 1095 1089 1125 anum
1124 1084 1174 1124 et
1206 1076 1512 1140 locupletem

207 1167 258 1207 et
296 1160 561 1207 molestam
606 1161 828 1207 timeret:
879 1176 1043 1221 neque
1088 1176 1199 1206 eam
1242 1159 1425 1206 habere
1460 1159 1511 1205 in

206 1241 521 1288 matrimonio
541 1247 745 1305 propter
761 1241 1050 1297 foeditatem,
1076 1257 1242 1304 neque
1261 1241 1513 1288 dimittere

207 1329 413 1387 propter
435 1324 605 1371 dotem
627 1324 837 1372 volebat.
890 1323 1071 1387 Itaque
1095 1323 1373 1387 compectok
1397 1341 1512 1372 cum

209 1412 367 1455 matre
392 1405 620 1453 Bostaris
655 1407 920 1454 consilium
944 1407 1080 1470 cepit
1103 1414 1159 1453 ut
1176 1414 1388 1470 uterque
1415 1407 1514 1455 Ro-

209 1506 327 1538 man
346 1489 548 1536 veniret.
618 1487 697 1535 Ibi
737 1505 789 1535 se
824 1489 1046 1552 aliquam
1078 1490 1318 1537 rationem
1350 1490 1517 1537 inven-

210 1578 396 1627 turum,
441 1571 867 1632 quemadmodum
904 1571 1041 1618 illam
1076 1588 1285 1619 uxorem
1309 1573 1516 1621 duceret

217 1653 544 1702 confirmavit.
603 1652 703 1699 Hic
729 1653 898 1716 opinio
923 1653 1030 1710 fuit,
1058 1661 1115 1701 ut
1139 1653 1271 1711 (Ιίᾱςὶ,1
1293 1656 1513 1718 duplex:

211 1753 314 1783 uua
344 1752 441 1784 non
481 1737 753 1784 abhorrens
795 1753 824 1782 a
864 1743 998 1782 statu
1032 1745 1309 1800 naturaque
1333 1754 1513 1794 rerum,

409 1947 435 1973 *k
467 1946 676 1988 scholium
696 1915 862 1988 minutiis·
878 1946 1110 1987 rudioribus
1130 1947 1288 1989 litteris

274 2035 484 2091 Scipiones
511 2052 603 2077 cum
635 2045 816 2091 gererent
835 2037 875 2076 in
892 2035 1092 2090 Hispania
1119 2039 1269 2077 bellum
1288 2037 1409 2079 occisi
1434 2055 1517 2080 am-

214 2111 268 2151 bo
285 2118 386 2151 sunt.
447 2109 738 2152 Deficientibus
759 2119 854 2152 tunc
871 2111 1055 2151 omnibus
1076 2110 1283 2166 Hispaniae
1297 2112 1516 2154 civitatibus

215 2185 264 2225 ab
286 2183 456 2225 amicitia
491 2183 629 2239 populi
659 2184 824 2235 romani,
857 2184 1056 2225 Gaditana
1087 2187 1170 2225 sola
1205 2185 1337 2226 civitas
1368 2185 1407 2225 in
1439 2187 1518 2227 fide

215 2257 371 2308 mansit,
408 2258 692 2313 defectumque
713 2272 759 2297 ac
782 2257 863 2298 sine
883 2257 1186 2312 imperatoribus
1208 2273 1414 2299 romanum
1436 2275 1519 2300 sus-

217 2331 327 2385 cepit
354 2346 400 2372 ac
422 2330 518 2371 fovit
536 2330 770 2371 exercitum.

262 2521 277 2543 Β
303 2524 400 2558 Nota
416 2524 688 2558 ciceronianum
704 2524 911 2557 adverbium
927 2531 1090 2569 compecto
1107 2534 1128 2557 a
1142 2524 1250 2558 verbo
1270 2526 1520 2568 compeeiscon

216 2571 313 2614 quod
328 2571 476 2605 verbum
492 2571 644 2604 occurrit
672 2571 766 2614 apud
793 2570 960 2603 Plautum
988 2570 1116 2604 Pseud.
1146 2580 1168 2604 1.
1194 2574 1225 2604 5.
1255 2574 1331 2605 129.
1380 2572 1521 2605 Ibidem

216 2620 338 2650 tamen
358 2619 434 2651 126.
483 2618 630 2650 Plautus
652 2617 760 2650 habet
774 2617 813 2650 de
829 2623 1006 2661 compacto.

265 2661 273 2682 ¹
295 2663 471 2697 Nimium]
493 2663 619 2696 Cicero
644 2664 681 2697 in
704 2663 880 2706 superiore
899 2664 1027 2695 lacuna
1054 2666 1174 2706 egerat
1200 2664 1244 2696 de
1260 2667 1372 2697 morte
1390 2663 1521 2697 Uxoris

217 2708 349 2751 Arinis,
364 2710 459 2753 quod
476 2710 651 2753 colligitur
661 2710 770 2743 etiam
780 2720 825 2742 ex
836 2708 1024 2742 Marciano
1039 2709 1185 2753 Capella
1195 2710 1275 2743 Lib.
1289 2722 1320 2743 v.
1339 2711 1382 2743 de
1397 2710 1520 2751 Quest.

219 2754 326 2788 Rhot.
341 2755 402 2788 ubi
419 2756 488 2790 ait:
514 2757 535 2772 “
550 2757 608 2789 An
625 2756 719 2789 aliud
736 2756 773 2789 in
796 2755 986 2788 Scauriana
1002 2756 1183 2795 succurrit,
1212 2767 1293 2790 cum
1315 2757 1522 2800 interposita

219 2801 243 2846 .“
259 2801 496 2846 disputatione
514 2804 682 2838 tractatur
695 2813 741 2838 ex
758 2802 885 2847 quibus
901 2802 1015 2837 causis
1031 2812 1124 2838 mors
1141 2803 1280 2838 eveniat
1295 2803 1476 2848 repentina
1490 2804 1520 2835 3'’
