1918 3254
615 286 682 321 ET
721 286 1006 323 CURIONEM.
1395 289 1459 332 25

157 385 312 442 dium,
331 400 432 433 non
447 390 504 432 nt
526 385 718 434 fortiter
735 392 784 433 et
802 385 956 433 libere
968 383 1265 442 iudicarent,
1287 385 1377 433 sed
1398 401 1460 433 ne

154 468 291 516 illam
316 468 411 516 sibi
436 469 702 532 pecuniam
726 485 840 516 reus
865 467 1126 515 absolutus
1151 466 1403 532 eriperetd.

221 550 549 599 Dlvou'rnm
577 551 898 599 Pom-mem
924 549 1170 598 ΜΑΧΙΜῙ.

221 632 589 681 Praeferuntur³
633 640 936 695 argumenta,
986 633 1173 696 quibus
1213 634 1460 681 incestum

157 714 234 763 .P.
254 714 423 763 Clodii
447 716 667 779 potuerit
689 715 923 763 facillime
945 716 1163 779 probari,
1190 716 1284 764 nisi
1308 733 1462 781 pecu-

152 796 238 844 nia
269 796 645 845 intercessisset.
733 797 865 845 Nam
904 798 977 847 .C.
1020 798 1188 847 Caesar
1223 799 1461 847 Pontifex

155 879 331 927 diebus
356 879 454 926 illis
476 880 768 943 repudiarat
792 897 1014 929 uxorem.
1087 881 1303 929 Feminae
1337 898 1461 945 quo-

154 977 267 1023 que,
304 977 418 1023 quae
451 960 524 1008 illi
559 962 806 1009 sacrificio
841 964 1182 1020 interfuerant,
1218 965 1280 1012 de
1313 963 1462 1012 inter-

149 1050 302 1091 ventu
318 1043 444 1091 virili
469 1044 811 1092 testimonium
837 1045 1083 1093 dixerant.
1135 1045 1273 1093 Servi
1294 1046 1458 1103 etiam,

154 1142 273 1174 cum
291 1133 578 1189 peterentur
595 1127 646 1173 in
666 1126 1009 1190 quaestionem,
1031 1127 1230 1174 alienati
1250 1128 1458 1184 fuerant,

153 1216 205 1257 et
246 1209 298 1256 in
337 1209 559 1257 diversas
600 1210 887 1273 provincias
929 1211 993 1257 ab
1041 1210 1265 1258 Domino
1305 1210 1460 1259 missi.

156 1291 392 1355 Quinque
425 1292 606 1339 etenim
640 1291 781 1348 servi,
807 1293 858 1340 in
885 1309 1014 1356 quos
1051 1293 1269 1341 maxime
1302 1294 1462 1358 suspi-

155 1373 233 1422 cio
258 1376 580 1437 congruebat,
605 1376 783 1438 partim
814 1375 952 1422 missi
988 1383 1104 1423 sunt
1141 1377 1207 1423 ad
1232 1375 1460 1440 Appium

157 1456 443 1513 Claudium,
472 1457 562 1520 qui
589 1457 764 1504 Frater
789 1457 1010 1504 eiusdem
1037 1456 1141 1504 .P.*’
1166 1457 1336 1505 Clodii
1360 1460 1464 1505 fue-

153 1545 244 1595 rat,
270 1546 320 1586 et
355 1539 404 1586 in
431 1539 627 1586 Graecia
652 1547 773 1586 tunc
803 1540 1012 1601 agebat;
1056 1539 1237 1602 partim
1275 1540 1338 1587 ad
1362 1540 1463 1588 vili-

155 1639 271 1670 cum
296 1621 576 1684 Diogenem
601 1621 811 1676 nomine,
840 1621 926 1684 qui
950 1628 1086 1668 trans
1110 1620 1272 1684 Alpes
1307 1638 1463 1670 mora-

153 1705 316 1752 batur.
394 1704 503 1752 Nec
545 1720 644 1751 non
698 1704 846 1751 etiam
893 1703 1086 1750 ancillae
1126 1704 1177 1750 in
1218 1712 1463 1753 tormenta

157 1794 274 1834 sunt
291 1787 572 1850 postulatae,
607 1804 717 1850 quae
742 1786 1026 1850 propioresc
1048 1785 1339 1844 ministerio,
1364 1789 1464 1835 fue·

154 1875 267 1916 rant
300 1868 556 1933 Pompeiae
594 1870 765 1917 uxoris
794 1869 1025 1925 Caesaris,
1059 1886 1278 1932 quarum
1312 1871 1406 1919 fuit
1437 1888 1464 1919 e

154 1968 362 2000 numero
388 1951 611 2000 Hiberad
633 1954 867 2016 quaedam
891 1953 1103 2009 nomine,
1133 1953 1272 2001 cuius
1295 1954 1344 2002 in
1370 1954 1465 2003 cel-

157 2035 254 2082 lam
293 2035 368 2083 .P.
411 2035 621 2083 Clodius
657 2035 938 2097 confugisse
971 2037 1290 2098 arguebatur.
1380 2037 1462 2084 De

157 2124 333 2182 stupro
356 2124 522 2165 autem
547 2117 787 2165 scelerato
817 2118 955 2181 quod
993 2117 1078 2174 ait,
1117 2118 1244 2166 illud
1268 2119 1464 2166 videtur

202 2397 218 2418 ‘¹
243 2398 437 2433 Confirmat
467 2398 594 2432 Cicero
622 2398 667 2431 de
695 2398 850 2442 Harusp.
901 2397 1009 2442 Resp.
1041 2409 1134 2434 xvu.
1184 2401 1204 2417 ‘⁴
1230 2400 1396 2444 suspicor
1421 2401 1465 2434 dc

157 2446 179 2462 ‘⁴
204 2447 345 2479 tuorum
374 2445 540 2479 Iudicum
565 2444 753 2478 manifesto
780 2444 931 2487 periurio
955 2445 1046 2485 dici;
1082 2446 1212 2489 quibus
1238 2447 1321 2480 olim
1355 2448 1464 2490 erepti

158 2492 180 2509 “
204 2496 322 2525 essent
335 2492 482 2529 nummi.
499 2491 566 2524 nisi
583 2502 603 2524 a
620 2495 743 2524 senatu
760 2490 962 2534 praesidium
978 2493 1246 2535 postulassent.'’

202 2542 219 2558 ²
241 2538 368 2571 Codex
381 2539 432 2571 ita
441 2537 681 2583 proeferrmtur,
698 2537 761 2570 sed
783 2537 869 2570 sorte
885 2538 1010 2571 melius
1026 2539 1202 2573 diceretur
1211 2538 1442 2585 proferuntur.

203 2583 218 2605 ¹³
241 2585 367 2618 Codex
382 2595 445 2628 pro
460 2584 519 2618 .P.
535 2584 642 2617 habet
657 2584 706 2617 de.

203 2635 218 2651 ⁶
243 2631 367 2664 Codex
380 2631 584 2676 propriores,
598 2630 705 2674 quod,
723 2629 751 2663 si
767 2629 895 2674 placet,
911 2631 1112 2665 retineatur.

182 2675 220 2706 Ἦ
245 2687 456 2721 Plutarchus
478 2689 516 2721 in
533 2687 647 2721 Cicer.
664 2693 773 2722 vocat
790 2680 935 2728 Αῧραν,
954 2685 1049 2729 quod
1065 2685 1153 2719 forte
1170 2685 1226 2718 hic
1251 2685 1466 2727 addendum,

160 2744 286 2777 nempe
301 2737 323 2752 0‘
339 2735 475 2768 Hibera
489 2735 653 2778 quaedam
669 2736 813 2769 nomine
831 2734 960 2768 κίκι-αἶ’
1008 2732 1083 2765 Nisi
1103 2731 1159 2765 hic
1174 2732 1260 2764 forte
1277 2732 1407 2766 Hibera
1426 2733 1469 2765 sit

160 2790 287 2813 nomen
303 2781 492 2825 proprium,
507 2791 578 2814 non
596 2782 736 2823 gentile.
