1971 3263
809 317 838 347 v

169 413 296 462 sima
320 412 493 462 Patria
525 413 768 460 intestinis
809 420 1012 476 repente
1045 412 1264 460 motibus
1300 429 1480 461 concu-

171 501 387 552 teretur3
423 504 493 551 tu,
533 495 622 543 Vir
657 496 981 560 amplissime,
1025 496 1073 542 in
1119 513 1291 544 eorum
1336 495 1480 559 Opti-

170 585 359 626 matum
401 595 663 626 nnmerum
701 579 861 626 lectus
894 595 961 634 es,
1001 579 1087 642 qui
1126 596 1265 627 more
1289 579 1479 626 scilicet

170 667 392 708 veterum
427 662 947 710 consulum=2·e'cle7·ete's
977 678 1034 708 ne
1065 663 1183 724 quid
1212 661 1481 724 respublica

170 743 442 791 detrimenti
481 752 682 807 caperet.
753 745 867 798 Quo
908 760 1027 790 sane
1065 747 1293 806 tempore
1327 759 1479 805 quam

171 830 224 870 tu
252 840 316 871 ex
352 825 516 872 animo
548 826 755 888 patriam
790 843 998 882 amareS,
1037 824 1204 872 cuncti
1243 841 1480 888 perspex-

170 914 328 955 erunt.
399 906 531 954 Nam
555 908 595 954 si
621 908 893 971 quisquam
934 908 1029 955 fuit
1066 924 1289 970 unquam
1326 923 1479 954 renio-

171 998 250 1036 tus
273 995 378 1037 tum
403 998 582 1036 natura
615 997 721 1036 tum
756 990 906 1037 etiam
931 990 1185 1039 voluntate
1208 1007 1237 1037 a
1260 989 1477 1053 publicis

169 1072 394 1134 negotiiS,
433 1073 495 1119 ab
542 1072 789 1119 honorum
829 1072 1207 1129 decoramentis,
1257 1080 1410 1136 atque
1451 1089 1480 1118 a

167 1154 378 1218 strepitu
404 1163 452 1202 et
474 1155 781 1202 sermonibus
806 1155 955 1217 vulgi,
992 1156 1033 1203 is
1066 1157 1292 1219 profecto
1327 1163 1382 1202 tu
1408 1171 1475 1202 es.

168 1236 337 1284 Testis
360 1247 436 1285 est
460 1237 707 1301 praeterita
730 1238 842 1295 vita,
880 1238 930 1285 in
951 1255 1050 1302 qua
1073 1256 1270 1302 semper
1294 1255 1351 1285 ea
1376 1248 1478 1286 stu-

172 1319 256 1366 dia
279 1327 498 1375 secutus,
525 1337 586 1367 ex
612 1320 797 1382 quibus
821 1336 980 1367 comm
992 1321 1100 1367 unis
1124 1321 1314 1368 utilitas
1338 1320 1475 1367 nasci

170 1408 355 1464 posset,
402 1402 540 1465 ipsos
584 1411 749 1449 tamen
797 1403 1132 1465 magistratus,
1179 1411 1230 1450 et
1270 1402 1478 1466 publica

170 1499 374 1530 munera
397 1500 486 1547 per
517 1500 570 1530 se
605 1501 862 1547 nunquam
904 1487 1154 1547 putaveris
1178 1486 1475 1548 expetenda.

173 1565 301 1613 Cum
318 1581 434 1613 vero
450 1573 500 1612 te
518 1565 688 1613 Patria
699 1567 936 1614 concordi
952 1567 1192 1631 claroque
1208 1577 1336 1622 voto,
1355 1578 1409 1614 ut
1427 1584 1478 1614 se

170 1656 470 1711 protegeres,
492 1647 751 1703 invocavit,
775 1648 922 1695 huius
947 1656 1002 1695 tu
1026 1665 1188 1711 neque
1210 1649 1479 1696 anctorita-

169 1737 269 1778 tem
287 1731 548 1794 negligere,
574 1749 738 1796 neque
757 1731 994 1779 iudicium
1016 1748 1114 1780 non
1136 1731 1290 1795 sequi,
1313 1748 1477 1795 neque

170 1813 308 1862 iussa
335 1816 611 1863 detrectare
649 1832 802 1862 ausus
842 1832 911 1862 es.
982 1814 1144 1878 Igitur
1179 1815 1244 1861 ad
1282 1814 1476 1861 clavum

170 1897 461 1960 reipublicae
500 1914 614 1945 cum
659 1897 821 1945 Sociis
861 1897 1239 1960 sapientissimis
1279 1897 1475 1951 sedens,

171 1979 222 2026 in
242 1979 295 2026 id
318 1986 455 2027 totus
479 1980 765 2035 incubuisti,
804 1988 860 2027 ut
884 1981 1158 2027 animorum
1185 1986 1336 2026 aestus
1360 1979 1479 2026 leni-

170 2068 272 2109 tate
296 2077 656 2124 compesceres,
694 2063 939 2125 populum
971 2062 1300 2109 acerbissimis
1324 2062 1479 2109 tribu-

171 2143 236 2192 tis
260 2143 510 2200 liberares,
536 2144 772 2192 infinitam
796 2145 1042 2208 peccandi
1068 2144 1319 2202 licentiam
1346 2161 1480 2192 coer-

171 2243 325 2283 ceres,
363 2226 768 2275 calamitosorum
791 2227 996 2283 iniurias
1023 2226 1312 2286 vindicares,
1340 2225 1480 2285 nulla

171 2309 220 2357 in
245 2326 296 2356 re
320 2310 383 2357 ab
409 2309 644 2372 religione
675 2309 822 2356 officii
857 2309 1162 2356 deflectereS.
1234 2307 1371 2355 Ecce
1396 2325 1481 2355 an—

172 2399 270 2440 tem
297 2408 408 2439 cum
440 2391 610 2439 Patria
647 2392 710 2437 de
748 2391 1000 2438 communi
1040 2389 1248 2436 consilio
1288 2389 1480 2452 legatos

173 2474 240 2521 ad
278 2473 542 2521 CAESAREM
581 2473 857 2521 Domum
898 2483 948 2520 et
980 2472 1177 2519 REGEM
1225 2487 1479 2521 NOSTRUM

174 2556 461 2611 destinaret,
499 2565 586 2604 tua
613 2574 783 2605 rursus
806 2572 960 2618 opera
991 2555 1040 2602 in
1074 2554 1480 2617 splendidissimo

172 2654 379 2686 munere
402 2639 623 2702 expetita
646 2648 736 2685 est.
806 2637 855 2685 A
882 2654 984 2700 qua
1008 2635 1194 2682 utinam
1233 2634 1480 2697 legatione

173 2727 280 2768 tum
305 2737 358 2768 re
381 2721 591 2769 feliciter
627 2730 780 2783 gesta,
819 2729 923 2781 tum
967 2717 1193 2767 celeriter
1227 2717 1375 2764 etiam
1411 2735 1481 2766 re-

171 2802 319 2851 deas!
390 2803 523 2851 Nam
560 2804 826 2852 discedens
849 2801 1053 2865 quidem
1077 2798 1359 2848 incredibili
1389 2817 1478 2849 nos
