1971 3263
677 309 941 345 MONITL‘M.
1449 311 1477 351 5

172 422 278 451 vero
305 410 415 450 teste
434 406 662 464 producto,
692 408 820 451 credo
846 414 889 450 te
916 422 972 450 ex
1001 405 1311 450 acclamatione
1332 403 1480 447 Clodii

169 481 478 523 advocatorum
497 480 683 535 audisse,
704 495 802 537 quae
831 480 1126 523 consurrectio
1147 478 1336 522 iudicum
1364 478 1480 520 facta

170 553 240 608 sit,
255 558 302 595 ut
317 568 382 595 me
397 553 772 607 circumsteterint,
792 559 840 595 ut
856 560 1008 610 aperte
1026 553 1178 610 iugula
1195 567 1273 594 sua
1287 566 1367 608 pro
1383 565 1479 592 meo

167 627 310 682 capite
341 627 396 669 P.
431 626 588 669 Clodio
619 627 894 669 ostentarint.
956 626 1065 677 Quae
1100 626 1205 667 mihi
1238 640 1307 667 res
1342 624 1480 666 multo

166 698 524 741 honorificentior
543 700 634 742 visa
657 706 736 753 est,
756 713 884 756 quam
916 705 993 740 aut
1013 699 1107 751 illa,
1130 712 1226 739 cum
1248 698 1394 740 iurare
1413 697 1479 738 tui

167 771 284 813 cives
322 771 618 814 Xenocratem
648 773 944 814 testimonium
992 772 1206 813 dicentem
1246 771 1478 828 prohibue-

165 850 292 896 runt3
338 850 415 885 aut
449 859 545 886 cum
579 846 749 887 tabulas
776 845 955 887 Metelli
986 844 1228 894 Numidici,
1267 859 1360 885 cum
1395 843 1477 896 hae,

166 923 216 958 ut
244 931 334 958 mos
367 922 447 970 est,
478 917 877 970 circumferrentur,
909 917 1048 958 nostri
1081 917 1248 959 iudices
1282 916 1478 972 aspicere

165 988 415 1030 noluerunt.
437 989 575 1031 multo
594 990 700 1043 haec,
720 990 913 1046 inquam,
934 996 1085 1031 nostra
1115 1005 1184 1031 res
1215 990 1366 1030 maior.
1397 989 1477 1030 ita-

165 1076 250 1117 que
270 1062 460 1104 iudicum
483 1063 676 1117 vocibus,
698 1078 795 1104 cum
816 1077 898 1119 ego
919 1063 979 1105 sic
999 1064 1056 1104 ab
1075 1063 1155 1113 his,
1178 1068 1225 1104 ut
1255 1063 1372 1104 salus
1404 1077 1479 1118 pa·

163 1134 274 1188 triae,
299 1135 568 1190 defenderer,
598 1136 760 1179 fractus
791 1151 905 1189 reus,
937 1142 982 1177 et
1011 1150 1096 1176 una
1126 1135 1300 1191 patroni
1331 1149 1479 1176 omnes

164 1207 460 1250 conciderunt.
483 1209 538 1250 ad
557 1224 625 1251 me
644 1215 792 1251 autem
813 1210 965 1251 eadem
993 1209 1240 1265 frequentia
1266 1207 1478 1264 postridie

165 1281 382 1334 convenit,
414 1296 600 1338 quacum
631 1282 779 1323 abiens
814 1282 1046 1324 consulatu
1079 1297 1172 1323 sum
1205 1280 1378 1322 domum
1411 1295 1478 1322 re·

166 1353 334 1395 ductus.
373 1353 562 1395 clamare
599 1355 800 1410 praeclari
839 1355 1128 1412 Ariopagitae,
1169 1370 1214 1396 se
1253 1369 1340 1395 non
1384 1369 1478 1396 esse

165 1432 385 1480 venturos,
408 1427 490 1468 nisi
519 1428 722 1484 praesidio
745 1429 997 1469 constituto.
1030 1429 1218 1469 refertur
1247 1427 1304 1468 ad
1338 1427 1477 1468 consi-

165 1500 299 1541 lium:
333 1515 419 1541 una
451 1500 542 1542 sola
563 1502 779 1542 sententia
800 1501 1050 1558 praesidium
1081 1515 1166 1542 non
1199 1500 1475 1542 desideravit.

165 1572 359 1614 defertur
376 1587 445 1614 res
474 1573 529 1614 ad
560 1580 783 1615 senatum:
817 1574 1086 1630 gravissime,
1116 1573 1477 1629 ornatissimeque

165 1645 426 1687 decernitur.
465 1646 702 1687 laudantur
739 1647 918 1688 iudices.
953 1647 1081 1688 datur
1121 1647 1348 1703 negocium
1391 1662 1477 1688 ma-

163 1717 432 1773 gistratibus.
472 1733 779 1775 responsurum
814 1720 1030 1761 hominem
1070 1734 1197 1761 nemo
1237 1719 1476 1760 arbitraba-

163 1800 250 1834 tur,
302 1794 459 1832 ’Έσπετε
480 1801 546 1831 νῦν
570 1810 634 1843 μοι
664 1802 794 1843 μὲσαι,
818 1794 951 1837 ὅππως
979 1794 1020 1840 δὴ
1053 1801 1199 1846 πρῶτον
1225 1801 1298 1844 πῦρ
1329 1795 1477 1843 ἔμπεσε.

164 1866 278 1908 nosti
329 1865 532 1918 Caluum,
581 1880 637 1906 ex
686 1864 978 1917 Nanneianis,
1031 1864 1156 1905 illum
1203 1864 1477 1905 laudatorem

163 1953 321 1992 meum,
354 1938 407 1979 de
439 1938 562 1980 cuius
595 1937 792 1979 oratione
825 1953 930 1994 erga
965 1952 1031 1979 me
1069 1938 1309 1978 honorifica
1345 1937 1401 1978 ad
1434 1943 1477 1979 te

165 2013 434 2066 scripseram.
455 2011 592 2054 biduo
619 2027 696 2067 per
729 2026 860 2052 unum
883 2026 1068 2064 servum,
1092 2017 1136 2051 et
1160 2026 1257 2052 eum
1286 2026 1341 2052 ex
1372 2011 1478 2052 ludo

162 2085 440 2142 gladiatorie,
475 2085 660 2126 confecit
687 2091 827 2127 totum
863 2084 1118 2140 negocium:
1163 2084 1391 2125 accersivit
1421 2083 1478 2124 ad

164 2173 224 2211 se,
243 2157 455 2215 promisit,
482 2157 737 2211 intercessit,
771 2157 904 2199 dedit.
932 2159 1018 2199 iam
1041 2171 1144 2197 vero
1177 2162 1223 2206 (o
1252 2156 1311 2197 dii
1342 2157 1473 2197 boni!

162 2242 253 2274 rem
293 2231 555 2287 perditam!)
608 2231 737 2273 etiam
778 2237 927 2272 noctes
967 2236 1184 2271 certarum
1226 2229 1474 2282 mulierum,

162 2311 295 2361 atque
315 2304 740 2346 adolescentulorum
771 2304 982 2345 nobilium
1006 2302 1350 2343 introductiones
1370 2317 1477 2344 non-

165 2378 296 2419 nullis
329 2377 546 2419 iudicibus
585 2392 662 2433 pro
699 2377 917 2418 mercedes
955 2375 1131 2417 cumulo
1170 2375 1359 2416 fuerunt.
1399 2376 1475 2429 ita,

161 2466 326 2493 summo
354 2450 543 2492 discessu
571 2451 797 2502 bonorum,
815 2449 946 2505 pleno
965 2450 1060 2490 foro
1093 2463 1329 2501 servorum,
1358 2463 1474 2491 xxv,

162 2524 327 2567 iudices
346 2524 407 2565 ita
426 2525 559 2566 fortes
589 2531 733 2565 tamen
763 2524 954 2575 fuerunt,
977 2528 1038 2575 ut,
1061 2536 1226 2562 summo
1252 2523 1477 2577 proposito

164 2596 374 2652 pericuIO,
402 2597 474 2639 vel
505 2597 648 2654 perire
678 2595 927 2648 maluerint,
949 2609 1077 2651 quam
1112 2593 1295 2649 perdere
1315 2595 1474 2636 omnia.

166 2683 304 2713 xxxl.
325 2670 516 2723 fuerunt,
537 2685 646 2726 quos
665 2671 799 2712 fames
822 2669 971 2724 magis,
992 2682 1119 2723 quam
1143 2667 1269 2720 sama,
1291 2682 1476 2708 commo-

163 2741 289 2784 verit.
319 2757 502 2799 quorum
534 2743 719 2786 Catulus
748 2757 844 2784 cum
876 2741 1055 2783 vidisset
1093 2739 1323 2796 quendam,
1358 2741 1476 2794 Quid
