1918 3254
553 307 610 343 IN
634 303 926 342 CATILINAM
947 303 1015 341 IV.
1339 300 1429 344 131

196 407 448 456 A'r'vmzo
481 403 665 454 CAESAR
708 415 1028 451 INTELLIGIT
1071 413 1252 446 LEGEM
1299 395 1433 444 SEM-

136 504 401 539 PRONIAM.

197 573 327 629 Quia
371 570 712 636 semptentiain
745 567 924 615 tulerat
962 564 1239 620 Gracchus,
1276 567 1335 610 ut
1355 578 1436 609 ne-

130 655 246 720 quis
289 655 339 703 in
380 655 533 703 civem
569 667 827 701 romanum
850 648 1115 713 capitalem
1139 644 1435 695 sententiam

131 736 353 786 diceret.a

483 1040 631 1089 PRO
669 1039 1116 1089 MARCELLoe

203 1146 330 1198 NoN
357 1163 560 1195 TIMORE
585 1162 798 1196 ALIQUO.
1462 1147 1559 1184 Edit.
1573 1144 1664 1181 ΝΛ·

203 1229 322 1280 Non
345 1247 461 1294 quo,
503 1230 679 1293 inquit,
722 1230 916 1294 aliquid
948 1236 1234 1286 metuerem,
1262 1234 1351 1276 aut
1382 1229 1446 1278 de

138 1313 400 1362 clementia
422 1319 510 1360 tua
532 1312 822 1369 diffiderem,
844 1313 933 1360 sed
946 1313 1086 1375 quod
1104 1311 1251 1359 amici
1274 1328 1448 1360 casum

139 1395 358 1443 dolerem
404 1394 501 1442 mei
543 1394 706 1450 simul,
752 1401 800 1442 et
847 1393 1147 1442 verecundia
1193 1394 1445 1450 retinerer,

141 1478 282 1540 quod
305 1494 367 1525 ex
390 1476 650 1525 Consortis
676 1477 771 1524 mei
797 1493 945 1540 poena
977 1475 1257 1524 consimilia
1275 1475 1450 1524 mereri

141 1558 408 1606 iudicarer.

204 1641 267 1688 IN
293 1657 494 1689 NosrRo
513 1656 707 1689 VETERI
732 1656 1047 1689 CURRICULO.
1472 1630 1559 1664 N.·2.

147 1888 246 1922 Orat.
262 1888 299 1922 in
314 1887 409 1934 Toga
423 1889 574 1923 Candida
590 1900 623 1933 p.
643 1892 814 1930 151-152·‚
838 1889 901 1922 sed
917 1888 1094 1921 Asconius
1113 1888 1164 1922 ibi
1187 1888 1285 1922 addit
1300 1888 1396 1922 hunc
1413 1888 1453 1921 C·

146 1932 336 1969 Pisonem
328 1945 397 1967 iam
414 1935 554 1978 periisse
570 1935 606 1968 in
620 1935 803 1979 Hispani-i,
815 1945 925 1979 quum
943 1934 1094 1968 Oratio·
1081 1947 1117 1968 κη
1130 1934 1199 1980 Tog
1184 1947 1227 1968 οτι
1244 1935 1386 1968 candida
1403 1935 1455 1967 di-

147 1985 286 2014 ceretur
301 1991 321 2013 a
335 1981 464 2014 'lullio.
512 1981 625 2024 Igitur
637 1991 709 2014 non
732 1981 830 2014 viveb
834 1984 871 2014 at
890 1981 931 2014 C.
959 1982 1052 2023 Piso,
1079 1992 1163 2014 cum
1179 1962 1363 2024 Dagebatur
1377 1981 1456 2014 haec

150 2027 356 2060 Catilinaria
384 2027 519 2069 integro
543 2027 649 2060 ferme
682 2037 773 2059 anno
799 2030 878 2070 post
899 2027 1029 2060 dictam
1062 2027 1266 2060 Orationem
1294 2027 1331 2060 in
1357 2027 1456 2072 Toga

148 2073 301 2107 candida.
333 2072 438 2112 Quod
452 2073 551 2106 facile
567 2073 742 2116 colligitur
758 2073 863 2105 etiam
881 2082 926 2106 ex
945 2073 1109 2106 Sallustio
1128 2073 1218 2107 Bell.
1231 2073 1335 2106 Catil.
1351 2076 1453 2117 p.16.

195 2119 235 2152 Ρ.
253 2118 424 2152 Gabinius
446 2122 649 2152 recensetur
673 2119 817 2162 quidem
845 2129 866 2151 a
887 2119 1062 2161 Sallustio,
1089 2122 1126 2152 ct
1145 2120 1182 2152 in
1207 2119 1455 2152 Catilinariisa

148 2165 269 2200 Tullio
284 2165 374 2198 inter
403 2165 515 2198 socios
541 2164 705 2198 secundae
733 2164 982 2198 coniurationis
999 2165 1224 2205 Catilinariae,
1251 2165 1313 2198 sed
1337 2165 1455 2198 isiam

150 2214 276 2255 captus
302 2214 376 2244 crat
399 2222 481 2244 cum
506 2212 630 2244 ceteris
656 2211 845 2244 coniuratis
871 2222 982 2255 quum
1008 2211 1148 2245 Tullius
1175 2212 1266 2244 hanc
1292 2214 1455 2255 quartam

150 2257 392 2291 Catilinariam
408 2257 549 2290 diceret.
566 2257 612 2291 V·
628 2261 721 2290 certe
738 2257 940 2290 Sallustium
957 2268 990 2301 p.
1007 2261 1062 2292 36.

199 2304 295 2346 Ergo
309 2314 380 2336 non
407 2303 515 2336 Caius
535 2303 597 2336 sed
625 2303 758 2336 Lucius
786 2303 998 2347 Calpurnius
1024 2303 1117 2345 Piso,
1134 2314 1199 2337 nec
1217 2304 1365 2337 Publius
1392 2304 1455 2337 scd

154 2350 270 2383 Aulus
288 2350 459 2383 Gabinius
480 2350 759 2393 expectabantur
782 2350 820 2383 iu
847 2353 991 2385 senatu:
1017 2351 1230 2394 eosdemque
1256 2350 1380 2383 dicunt
1396 2349 1454 2383 liic

153 2395 278 2429 Cicero
295 2396 417 2430 abesse
434 2396 588 2429 studiose
605 2406 626 2428 a
639 2395 782 2437 Senatu,
801 2398 837 2429 et
853 2395 1062 2430 Scholiastes
1085 2400 1204 2430 noster
1217 2397 1379 2429 Catilinae
1393 2396 1455 2429 ad-

153 2445 358 2476 sentatores.
405 2442 500 2476 Noto
526 2442 688 2485 denique,
715 2441 945 2476 Scholiastem
961 2443 1107 2485 editum,
1134 2443 1180 2476 ad
1206 2443 1300 2476 hunc
1324 2444 1454 2486 locum,

154 2487 262 2522 abesse
272 2488 510 2532 mummium,
526 2489 617 2522 male
627 2488 853 2530 intellexisse,
870 2488 913 2529 Q.
931 2489 1120 2522 Metellum
1135 2489 1292 2523 indicari.

201 2535 380 2578 ²Ncmpo
411 2535 544 2568 indicta
581 2545 707 2568 causa:
747 2534 792 2567 de
821 2545 892 2578 qua
918 2535 996 2578 lege
1023 2535 1069 2569 V.
1094 2535 1322 2569 Plutarchum
1350 2535 1386 2568 in
1415 2534 1454 2569 C.

155 2579 399 2614 Gracchoedit.
413 2581 563 2614 Londin.
584 2584 681 2615 1723.
706 2581 807 2614 Tom.
823 2590 872 2614 iv,
890 2592 922 2624 p.
938 2584 1018 2616 386.

202 2625 217 2647 ¹³
242 2626 349 2662 Hanc
364 2627 560 2661 orationem
584 2639 647 2680 pro
673 2626 839 2660 Marcello
850 2627 1009 2661 nonnulli
1024 2627 1134 2661 critici
1150 2627 1310 2661 homines
1326 2631 1455 2661 nostrae

159 2672 277 2706 aetatis
297 2673 458 2707 Ciceroni
481 2673 698 2718 suppositam
725 2673 986 2716 dictitaverunt,
1004 2674 1099 2717 quod
1126 2678 1247 2707 tamen
1265 2673 1399 2718 paucis,
1415 2678 1456 2706 ut

157 2721 256 2762 puto,
267 2722 526 2762 persuaserunt.
555 2719 627 2753 Sed
636 2729 722 2753 ecce
737 2730 831 2753 nunc
843 2720 907 2753 tibi
921 2701 1163 2764 antiquissima
1174 2719 1326 2763 Scholia,
1342 2730 1456 2763 eaque

159 2764 247 2798 sorte
263 2765 443 2807 Asconii,
432 2776 471 2799 m
480 2766 641 2800 eamdem
668 2765 879 2809 ipsissimam
893 2766 1104 2800 orationem:
1131 2777 1212 2809 quae
1226 2777 1283 2800 res
1307 2765 1456 2800 Auctori

158 2821 223 2845 suo
236 2810 397 2846 Ciceroni
411 2811 479 2847 hoc
490 2812 666 2858 Scriptum
675 2811 876 2847 vehementi
891 2815 1097 2856 argumento
1111 2823 1229 2848 rursus
1243 2813 1410 2849 vindicat.

760 2881 860 2924 112
