1971 3263
453 426 583 514 ΙΞΟ.
614 434 693 484 ΙΝ
733 435 809 484 .P.
847 433 1245 485 CLAUDIUM

660 581 1049 618 ARGUMEATUM.

791 729 919 737 ——

791 739 919 751 —

188 845 390 929 ‚APUT
434 869 643 918 Graecos
694 870 967 918 huiusmodi
1009 885 1191 935 genera
1238 870 1510 917 orationum

195 955 448 1000 ἐπαινοῦντα
486 953 553 1000 καὶ
592 954 802 1018 -ψέγονταὸ
845 952 1165 1000 nominantur
1203 953 1512 1000 continentia

198 1032 353 1080 ferme
389 1033 566 1081 laudes
595 1043 644 1081 et
668 1034 1074 1098 vituperationes.
1146 1035 1264 1083 Non
1289 1036 1420 1083 enim
1442 1035 1512 1083 rei

198 1117 520 1179 postulantur
556 1135 586 1164 a
629 1117 800 1165 Tullio
848 1117 924 1166 vel
974 1117 1049 1167 .C.
1104 1117 1260 1165 Curio
1299 1118 1378 1165 vel
1433 1117 1509 1165 .P.

203 1198 447 1259 Clodius,
500 1202 590 1248 sed
631 1202 870 1265 quoniam
916 1202 1200 1249 habuerant
1241 1201 1293 1247 in
1333 1207 1512 1249 senatu

200 1283 456 1344 quandam
494 1283 762 1346 iurgiosam
799 1284 1203 1339 decertationem,
1239 1283 1402 1331 visum
1435 1283 1516 1332 Ci-

202 1365 371 1411 ceroni
398 1372 476 1412 est
502 1366 629 1411 hanc
659 1364 934 1412 orationem
966 1366 1283 1414 conscribere
1311 1367 1513 1430 plenam

201 1446 305 1494 sine
329 1446 486 1494 dubio
518 1454 566 1494 et
592 1446 876 1510 asperitatis
908 1454 958 1495 et
988 1448 1297 1504 facetiarum,
1325 1448 1513 1511 quibus

198 1544 363 1577 mores
389 1530 651 1592 utriusque
686 1530 980 1593 proscindit,
1019 1537 1069 1578 et
1101 1531 1164 1578 de
1200 1531 1512 1593 singulorum

197 1610 330 1658 vitiis
366 1628 517 1675 quam
546 1620 713 1675 potest
735 1612 1058 1659 acerbissime
1080 1612 1342 1676 Ιοεμιίῑωκδ
1411 1614 1514 1662 Sed

201 1692 329 1742 enim
371 1693 677 1758 principium
722 1694 871 1741 huius
918 1694 1118 1742 offensae
1161 1696 1316 1742 fertur
1354 1713 1383 1743 a
1435 1696 1511 1744 .P.

202 1776 355 1825 Clodi
394 1776 608 1825 incestuc
653 1776 991 1825 descendisse.
1083 1776 1217 1825 Nam
1257 1778 1396 1825 visus
1438 1787 1514 1827 est

248 1987 264 2004 ²
287 1984 385 2017 Nota
411 1984 441 2018 Ι.
476 1984 513 2017 in
547 1984 681 2018 Codice
722 1983 826 2017 scribi
858 1985 929 2019 sic:
970 1985 1108 2028 “Aput
1141 1984 1286 2017 Graecos
1319 2009 1327 2018 .
1360 2009 1368 2018 .
1401 2011 1408 2019 .
1436 2010 1443 2018 .
1470 2009 1478 2017 .
1505 2009 1513 2018 .

200 2030 447 2064 nominantur’'
472 2031 584 2074 spatio
608 2032 741 2066 relicto,
791 2031 1010 2064 Huiusmodi
1033 2030 1146 2074 spatia
1170 2041 1285 2063 vacua
1312 2031 1407 2065 haud
1435 2041 1514 2065 raro

202 2081 393 2111 occurrunt
417 2078 454 2110 in
481 2077 624 2115 Codice,
639 2089 719 2121 qnae
736 2077 904 2120 replenda
921 2078 1087 2110 videntur
1102 2077 1210 2110 modo
1227 2078 1361 2109 voculis
1377 2078 1514 2121 graccis,

201 2133 291 2167 quas
307 2123 478 2164 librarius,
495 2124 578 2167 quia
592 2135 707 2167 graece
724 2125 812 2156 sorte
829 2128 904 2156 erat
919 2124 1073 2166 ignarus,
1099 2123 1235 2156 omisit:
1262 2124 1368 2156 modo
1386 2124 1514 2164 latinis,

202 2180 290 2213 quas
302 2169 398 2203 idem
413 2170 571 2203 librarius
583 2170 664 2203 ideo
678 2170 765 2203 forte
778 2180 848 2202 non
863 2170 1001 2214 scripsit
1015 2171 1097 2214 quia
1113 2169 1337 2203 exscribebat
1353 2181 1373 2203 e
1390 2170 1514 2203 codice

201 2219 366 2260 corrupto
383 2220 444 2249 aut
466 2217 599 2249 mutilo.

247 2261 299 2296 II.
324 2263 432 2306 Siqua
455 2263 562 2295 rerba
584 2262 785 2295 charactere
815 2262 952 2296 diverso
978 2266 1013 2296 et
1044 2263 1213 2296 macriore
1243 2262 1516 2296 Commentariis

202 2308 357 2352 antiquis
371 2309 639 2349 interseruntur,
657 2319 699 2342 ea
714 2319 791 2342 esse
806 2313 926 2342 nostra
942 2310 1224 2353 suppplementa.

247 2363 319 2398 III.
357 2364 484 2397 Visum
518 2375 593 2398 esse
629 2364 730 2398 nobis
767 2364 929 2408 supplere
970 2357 1197 2394 ἑπαινοῦιτα
1237 2356 1296 2393 καὶ
1334 2355 1514 2404 ψέγοντα,

203 2409 418 2444 Consulatur
444 2411 653 2445 Aristoteles
683 2411 826 2444 Rlietor.
877 2410 956 2443 Lib.
975 2418 998 2443 1.
1028 2420 1104 2452 cap.
1121 2411 1176 2443 27.
1224 2408 1320 2442 Item
1339 2408 1516 2443 Isocrates

200 2457 352 2491 Panath.
378 2458 461 2491 edit.
522 2457 711 2491 Wolfianae
735 2467 797 2500 per
822 2456 1037 2500 Crispinum,
1062 2467 1096 2499 p.
1121 2458 1201 2489 557.
1261 2455 1307 2489 A.
1334 2454 1412 2488 Nisi
1438 2455 1517 2499 quis

202 2511 304 2545 malit
334 2512 497 2555 supplere
524 2503 741 2541 ἐπιδεκτικὰ
771 2522 815 2544 ex
846 2511 1016 2544 Cicerone
1043 2510 1174 2545 orator
1202 2518 1255 2543 xi.
1281 2511 1319 2542 et
1342 2509 1518 2544 Fortuna-

202 2558 299 2591 tiano
316 2558 356 2592 C.
376 2558 478 2592 Rhet.
496 2557 573 2591 Sela.
592 2557 670 2590 Lib.
690 2567 712 2590 1.
730 2558 806 2590 sub.
823 2557 933 2590 initio.

250 2602 265 2625 δ
288 2604 469 2638 Consonat
499 2603 740 2644 Quintilianus
767 2604 855 2637 Inst.
887 2613 942 2637 ni.
967 2614 1044 2648 cap.
1073 2607 1105 2638 7.
1172 2602 1193 2619 “
1219 2601 1318 2636 Editi
1346 2602 1384 2636 in
1410 2602 1518 2636 Com-

205 2650 227 2666 “
250 2651 418 2694 petitores
452 2650 504 2693 (in
534 2650 722 2684 consulatus
754 2650 919 2696 petitione
959 2651 1148 2685 Antonium
1178 2654 1210 2682 et
1241 2647 1441 2691 Catilinam)
1480 2649 1517 2682 in

204 2698 226 2712 ⁴‘
251 2696 294 2730 L.
311 2697 490 2738 Pisonem,
514 2706 553 2731 m
579 2697 756 2731 CLODIUM
784 2706 828 2730 er
854 2697 1058 2731 Cuaioxrzu
1086 2696 1196 2736 Libri,
1220 2695 1516 2738 vituperationem

205 2743 227 2759 “
251 2743 447 2786 continent,
462 2746 501 2777 et
515 2746 636 2777 tamen
650 2743 689 2777 in
705 2746 832 2777 senatu
849 2744 928 2777 loco
944 2749 1029 2777 sunt
1044 2743 1157 2779 habiti
1173 2742 1391 2777 sententiae.‘’

252 2792 266 2831 f
291 2789 378 2823 eod.
396 2789 578 2824 evidenter
592 2800 656 2834 pro
673 2789 799 2825 incestu
814 2789 922 2824 habet
938 2789 1044 2824 iratu.
