1875 3240
1128 323 1223 368 150

517 440 561 480 Ρ.
581 444 649 488 91,
678 446 719 481 4.
747 441 858 482 Nihil
890 439 1050 479 dubium
1080 441 1176 493 quin
1198 453 1271 493 pro
1293 441 1414 481 verbo
1441 441 1594 482 incerte
1614 440 1705 492 fidei
1725 455 1817 497 pere

554 509 691 567 fidens
717 510 979 562 reponendum
995 510 1044 549 sit
1057 510 1281 562 perhibens,
1309 512 1400 552 vid.
1429 511 1633 552 Forcenini
1649 512 1689 561 in
1707 525 1815 561 voce.

567 580 836 620 Testimonium
856 593 945 619 vero
963 593 1040 618 non
1059 586 1119 619 est
1138 581 1374 621 mutandum.

512 667 558 708 P.
577 672 645 719 96,
665 672 705 706 2.
736 667 842 706 Nota
860 667 1113 706 recentiorem
1131 679 1242 706 usum
1256 675 1319 707 τοῦ
1338 669 1518 708 exertius.

510 753 557 794 P.
577 759 641 801 98,
659 758 724 792 23.
753 753 929 792 Plancii.
957 753 1177 804 Legendum
1197 754 1358 800 Planci,
1378 754 1441 793 hic
1459 761 1500 793 et
1521 753 1633 793 infra.

512 839 556 880 P.
575 843 639 886 99,
668 839 739 877 ult.
758 839 945 878 editicios.
998 840 1350 880 Grammaticorum
1378 841 1567 880 sententia
1585 845 1656 886 est,
1684 839 1722 878 in
1743 840 1816 879 hu.

557 909 733 960 jusmodi
750 909 959 954 vocabulis,
984 923 1072 960 quae
1090 922 1113 947 a
1137 909 1355 948 nominibus
1376 909 1610 967 derivantur,
1628 909 1711 948 cius
1729 907 1819 947 seri-

561 978 730 1018 bendum
751 992 857 1021 esse:
889 979 928 1017 in
946 979 1029 1016 aliis
1046 992 1137 1017 vero
1154 980 1246 1018 tius.
1286 980 1416 1023 Quare
1436 979 1496 1018 hic
1517 979 1631 1018 etiam
1651 976 1817 1018 scriben-

560 1048 653 1088 dum
668 1048 769 1087 foret
780 1048 965 1094 edititios,
979 1050 1052 1088 nisi
1067 1049 1116 1087 ab
1131 1049 1251 1098 editio
1267 1049 1478 1088 derivatum
1494 1054 1707 1087 censeatur.
1738 1048 1814 1095 Sed

559 1119 646 1158 haec
667 1119 798 1170 regula
817 1127 875 1157 est
891 1119 1004 1158 valde
1016 1119 1175 1157 incerta.
1224 1118 1400 1170 Legimus
1419 1119 1520 1156 enim
1536 1118 1573 1156 in
1594 1131 1817 1165 monumen-

562 1195 604 1228 to
623 1190 843 1240 Ancyrano,
872 1189 976 1241 quod
989 1195 1048 1228 est
1067 1188 1140 1228 aevi
1156 1188 1385 1240 Augustani,
1414 1188 1650 1239 tribunitiae‚
1685 1193 1726 1227 et
1743 1200 1818 1240 pa-

563 1259 776 1297 tritior-um.
1755 1273 1759 1275 ¹

507 1345 553 1386 1³.
571 1348 660 1391 103,
693 1349 755 1383 11.
785 1343 954 1394 Spatium
975 1343 1015 1381 in
1033 1342 1168 1381 codice
1188 1343 1364 1382 relictum
1393 1343 1537 1382 Graeca
1553 1356 1650 1382 voce
1667 1343 1815 1394 replen-

557 1413 651 1452 dum
689 1414 877 1464 suspicor.
954 1413 1099 1451 Forsan
1138 1413 1254 1452 scribi
1302 1413 1418 1452 debet
1442 1426 1520 1452 non
1561 1414 1641 1453 sine
1668 1411 1815 1466 figura

559 1487 738 1536 εἶρωνείᾳ.

504 1571 551 1612 P.
563 1575 654 1617 105,
677 1575 713 1609 1.
745 1571 819 1610 Ed.
841 1570 1006 1609 Mediol.
1039 1570 1368 1621 compenlativum.

504 1655 610 1695 nid.
665 1663 705 1696 9.
738 1657 856 1695 Nullo
888 1656 994 1706 jure,
1029 1662 1073 1694 ut
1109 1656 1257 1707 opinor,
1290 1656 1408 1709 paria
1441 1669 1514 1706 pro
1543 1657 1682 1708 patria
1724 1656 1817 1695 scri-

557 1726 726 1765 bendum
748 1733 859 1777 putat
881 1725 1023 1763 Maius.

503 1812 549 1852 P.
571 1816 662 1853 107.
691 1812 786 1850 Not.
801 1826 845 1863 g.
877 1811 1191 1849 Pronunciabant
1211 1811 1364 1862 quidem
1381 1818 1527 1849 veteres
1544 1824 1657 1849 unam
1683 1822 1697 1849 1
1725 1824 1815 1863 pro-

555 1881 720 1927 duabus,
734 1888 772 1919 et
785 1881 966 1918 dicebant
980 1880 1114 1927 Isdem,
1129 1880 1173 1927 ἰε,
1190 1895 1260 1932 pro
1277 1881 1421 1927 iisdem,
1435 1882 1497 1932 iis,
1515 1881 1580 1919 sed
1595 1879 1816 1930 hujusmodi

554 1951 838 1990 contractiones
859 1951 1050 1989 interdum
1066 1965 1134 2002 per
1154 1952 1300 1989 literam
1322 1951 1571 2001 majusculam
1589 1951 1627 1988 in
1643 1942 1815 1989 scriben-

553 2021 606 2060 do
622 2021 822 2071 designare
843 2022 1039 2068 solebant;
1068 2036 1102 2060 e.
1125 2036 1164 2073 g.
1193 2022 1230 2060 in
1247 2027 1497 2060 monumento
1518 2022 1728 2071 Ancyrano
1752 2032 1814 2057 oc-

553 2091 654 2131 curit
669 2092 877 2130 coNsrrls
902 2105 974 2143 pro
1007 2092 1194 2130 consiliis.
1243 2091 1504 2135 MUNICIPIS,
1547 2089 1810 2128 snrmznls.

552 2163 712 2202 Terent.
741 2163 840 2200 Eun.
865 2173 936 2200 111.
955 2173 1015 2200 lv,
1035 2173 1065 2201 1.
1088 2162 1191 2199 Heri
1208 2161 1357 2213 aliquot
1374 2158 1652 2199 adulescentuli
1667 2169 1813 2196 coimus

556 2233 598 2270 in
615 2232 769 2282 Piraeo,
786 2231 853 2269 ubi
870 2230 1066 2268 Bentleius
1082 2230 1242 2269 rescribi
1254 2231 1335 2268 vult
1349 2231 1518 2275 coimus,
1539 2229 1636 2267 citra
1650 2228 1813 2266 necessi-

555 2308 688 2340 tatem.
755 2301 800 2338 In
835 2301 907 2338 isto
939 2306 1066 2338 autem
1096 2313 1207 2338 versu
1227 2300 1373 2337 etiamsi
1409 2299 1604 2350 vulgatum
1638 2298 1812 2337 ordinem

554 2371 760 2408 verborum
781 2376 906 2407 servat
933 2370 1069 2408 Cicero
1096 2370 1214 2407 Attio.
1245 2380 1326 2408 Vll.
1347 2374 1384 2408 3.
1415 2370 1570 2420 scripsit
1595 2376 1736 2417 tamen,
1769 2373 1813 2405 ut

554 2440 703 2491 opinor,
731 2439 951 2489 Terentius,
977 2439 1078 2476 Heri
1099 2439 1248 2489 aliquot
1273 2438 1552 2497 adulescentuli
1583 2439 1625 2475 in
1643 2437 1810 2475 Piraeeo

552 2510 704 2549 coimus.
740 2508 812 2546 Vix
825 2509 926 2546 enim
939 2521 960 2546 a
971 2508 1156 2547 Terentio
1171 2508 1309 2558 corripi
1327 2508 1456 2558 potuit
1474 2507 1595 2559 prima
1611 2506 1650 2545 in
1663 2506 1812 2544 Piraeo

553 2580 593 2617 in
612 2580 686 2617 ista
705 2591 835 2616 versus
856 2578 960 2616 sede.
1012 2578 1150 2616 Cicero
1177 2583 1305 2614 autem
1324 2577 1372 2614 ad
1394 2577 1496 2614 hunc
1517 2577 1641 2627 ipsum
1660 2589 1810 2615 versum

552 2661 768 2700 provocans
785 2648 991 2685 Piraeeum
1010 2647 1335 2698 quadrisyllabum
1351 2647 1458 2685 citat.

501 2736 546 2775 P.
569 2740 659 2781 113,
693 2741 734 2774 9.
767 2737 959 2774 cervicem.
1031 2735 1072 2772 Si
1102 2735 1165 2773 hic
1199 2735 1308 2772 locus
1342 2747 1456 2773 sanus
1487 2740 1561 2786 est,
1590 2731 1812 2772 dormitavit

555 2812 660 2844 certe
680 2805 886 2853 Asconius,
904 2805 965 2844 vel
980 2804 1098 2856 siquis
1117 2804 1212 2845 alius
1241 2804 1315 2844 fuit
1335 2805 1401 2857 qui
1421 2804 1507 2844 haec
1524 2803 1701 2856 scripsit;
1721 2813 1809 2849 nam
