1918 3254
723 386 814 431 147

116 667 284 706 Dissert.
312 681 350 719 p.
373 678 472 706 ΧΠ.
500 671 565 706 21.
596 665 785 717 Equidem
811 666 935 703 minus
967 672 1070 703 recte
1096 664 1301 702 adhibetur
1326 676 1413 702 cum

163 737 274 775 tertia
303 749 477 787 persona.
532 736 629 774 Mox
652 735 854 775 Scaurana
891 735 1028 772 melius
1067 734 1260 773 diceretur
1299 745 1413 785 quam

166 805 393 845 Scauriana.

112 892 200 931 Pro
217 892 375 938 Scauro,
406 907 445 944 p.
467 897 529 931 10.
567 899 649 932 not.
681 874 717 932 ts.
746 905 794 931 ex
824 892 1021 930 Arusiano
1055 890 1198 929 Messa.
1252 890 1336 927 Imo
1367 902 1416 928 ex

162 963 379 1001 Frontone:
418 962 505 1000 vide
537 962 739 1000 Frontonis
768 962 977 1000 editionem
1009 975 1032 1000 a
1059 961 1169 999 Maio
1198 959 1415 1011 nuperrime

162 1031 384 1068 adornatam
403 1031 452 1069 T.
470 1032 507 1068 ii.
529 1045 567 1081 p.
590 1037 679 1071 508.

108 1115 153 1154 Ρ.
172 1120 237 1156 17.
260 1127 290 1154 1.
320 1116 395 1154 Em
413 1117 634 1155 mutandum
655 1117 807 1155 videtur
827 1119 865 1155 in
885 1132 944 1156 en.

108 1201 212 1240 Ibid.
234 1207 298 1240 10.
326 1202 499 1241 Famata.
530 1204 688 1254 Corrige
704 1203 904 1254 infamata.

108 1287 196 1326 Pro
216 1288 358 1341 Tullio.
386 1303 426 1340 p.
445 1294 510 1327 24.
541 1303 637 1328 vers.
659 1288 726 1327 fin.
752 1302 828 1327 non
856 1302 985 1327 vereor
1003 1302 1048 1327 ne
1068 1287 1228 1327 dicendo
1247 1286 1326 1327 dies
1341 1289 1417 1325 exi-

162 1363 304 1396 matur.
362 1359 433 1408 Ep.
460 1359 509 1396 ad
540 1359 616 1402 Qu.
645 1358 765 1396 Fratr.
787 1369 839 1397 11.
858 1364 896 1397 1.
927 1357 1088 1397 Clodius
1113 1363 1290 1411 rogatus,
1318 1357 1416 1397 diem

160 1427 321 1466 dicendo
341 1429 498 1466 eximere
514 1429 644 1479 caepit.
677 1427 739 1466 Cf.
758 1428 841 1466 Liv.
861 1438 890 1466 Ι.
908 1433 972 1466 50.

109 1512 212 1552 Ibid.
232 1519 296 1552 12.
323 1527 364 1551 re
383 1504 448 1552 sit'.
478 1514 728 1552 Scribendum
746 1513 911 1559 videtur,
938 1517 1074 1551 restat.

110 1599 154 1637 P.
176 1604 240 1638 18.
279 1606 456 1650 antepen.
489 1599 610 1644 Dixit,
639 1606 681 1637 ut
711 1599 860 1649 opinor,
887 1599 1054 1645 Tullius,
1084 1604 1228 1638 terrere
1253 1601 1414 1646 coneris,

161 1676 204 1706 ut
220 1669 403 1707 vitaretur
421 1669 773 1708 homoeoteleuton.

108 1755 153 1793 In
174 1755 338 1793 Praevia
360 1755 480 1806 Operi
498 1756 671 1794 Dissert.
699 1769 739 1806 p.
758 1767 873 1793 xxx.
906 1760 982 1793 tam
1005 1769 1050 1793 ez·
1067 1754 1215 1802 audito,
1242 1768 1355 1806 quam
1373 1767 1418 1792 ex

162 1825 257 1863 lecto
288 1823 478 1863 Pediano.
550 1825 697 1864 Calami
727 1826 872 1876 lapsus.
928 1826 1102 1876 Corrige,
1131 1830 1209 1863 tam
1244 1838 1290 1862 es
1320 1825 1417 1863 lecto

161 1907 271 1945 quam
292 1908 334 1932 ex
353 1896 501 1934 audito.

109 1979 156 2017 In
178 1981 233 2019 P.
256 1981 444 2020 Clodiam.
474 1996 513 2032 p.
534 1987 596 2020 14.
629 1982 682 2020 Ut
697 1983 765 2020 ille
768 1982 936 2033 judicio,
954 1983 1025 2020 διο.
1057 1982 1214 2020 Diverse
1240 1980 1419 2018 laudatur

160 2051 264 2102 apud
286 2052 451 2095 Quintil..
467 2052 540 2090 IX.
555 2056 593 2089 2.
625 2052 710 2097 Quo
726 2065 770 2090 ex
783 2052 953 2102 judIcio,
975 2052 1078 2089 velut
1096 2065 1140 2089 ex
1154 2050 1332 2089 incendio
1351 2062 1419 2088 nu*

159 2119 231 2158 dus
245 2119 405 2172 cffugit.
433 2121 629 2160 Juvenalis
652 2133 722 2160 111.
742 2127 834 2160 211.
865 2121 1036 2160 Codrum
1055 2135 1102 2159 ex
1122 2120 1298 2159 incendio
1314 2120 1419 2170 elap-

158 2203 242 2227 sum
262 2190 372 2235 sistit,
401 2189 544 2228 nudum
575 2196 612 2228 et
640 2192 779 2242 frusta
808 2196 1024 2243 rogantem.
1081 2190 1156 2229 Sed
1193 2202 1326 2227 verum
1359 2196 1420 2228 est

160 2259 384 2310 naufragio.
430 2259 688 2302 Quintilianus
705 2261 924 2299 memoriter
939 2261 1046 2299 citat.

107 2343 151 2382 P.
174 2349 235 2383 16.
279 2345 357 2390 Qm·
385 2346 522 2389 omnia,
555 2347 626 2384 ἃς.
683 2346 837 2384 Plenius
867 2353 990 2384 exstat
1027 2345 1280 2395 fragmentum
1313 2345 1417 2396 apud

160 2413 326 2456 Quintil.
343 2414 413 2452 IX.
436 2419 472 2452 2.
503 2414 649 2458 Quibus
681 2416 764 2460 iste,
795 2417 860 2466 qui
893 2418 1019 2453 omnia
1049 2413 1244 2466 sacrificia
1280 2419 1416 2461 nos-set,

147 2483 274 2534 facile
294 2497 316 2521 a
335 2497 372 2521 se
391 2483 478 2522 deos
496 2484 653 2535 placari
667 2498 778 2536 posse
797 2485 1082 2522 arbit‘rabalur.
1351 2482 1354 2483 ⁷

106 2569 149 2607 P.
168 2574 233 2615 21,
263 2574 301 2608 5.
332 2570 544 2616 linimento,
573 2570 671 2608 male
691 2583 761 2620 pro
783 2570 1022 2608 lincamenta.

159 2653 226 2691 De
238 2667 314 2692 aere
328 2655 466 2694 Alieno
480 2656 659 2702 Milonis,
675 2670 714 2707 p.
737 2662 800 2701 34,
820 2661 882 2694 11.
894 2656 1203 2707 generalitatem.
1232 2655 1410 2693 Vocabu-

161 2722 241 2759 lum
260 2736 395 2773 parum
416 2726 605 2771 Latinum,
635 2725 741 2776 quod
761 2738 783 2762 a
802 2724 932 2762 lexicis
953 2726 1076 2764 abest.
1132 2726 1200 2762 Uti
1220 2732 1345 2762 tamen
1371 2739 1417 2762 eo

159 2793 331 2841 potuerit
365 2795 659 2845 grammaticus;
709 2795 785 2832 vid.
826 2795 999 2834 Noltenii
1030 2796 1120 2834 Lex.
1162 2795 1365 2833 Autiburb.
1390 2806 1418 2832 1.

161 2873 200 2911 p.
221 2865 312 2903 547.

724 2938 802 2971 L2
