1971 3263
458 286 485 327 ⁴1
978 285 1213 320 enrroms

459 397 512 423 eo
527 387 671 424 autem
688 387 812 424 erant
826 382 990 431 omnia)
1009 382 1320 439 pugnavitque,
1344 389 1390 426 ut
1406 384 1466 426 ita
1486 385 1631 435 fieret3
1655 377 1773 440 quod

459 461 504 496 et
524 455 619 509 sibi,
642 461 686 496 et
705 454 802 495 aliis
823 461 1114 510 persuaserat,
1136 455 1269 497 nullis
1289 457 1411 498 illum
1435 458 1649 500 iudicibus
1669 456 1780 498 effu-2

459 543 563 584 gere
594 541 742 584 posse:
779 529 979 569 contraxi
1011 528 1124 582 vela,
1154 528 1417 585 perspiciens
1450 531 1640 587 inopiam
1665 530 1774 572 iudi-

460 615 556 641 cum
576 618 587 650 ;
620 615 762 656 neque
785 600 878 642 dixi
899 601 1131 658 quicquam
1162 616 1242 658 pro
1262 602 1525 657 testimonio,
1547 604 1630 644 nisi
1658 600 1777 659 quod

459 678 556 714 erat
577 673 637 714 ita
667 680 832 728 notum,
862 681 994 731 atque
1025 679 1246 729 testatum,
1280 680 1329 716 ut
1359 689 1445 716 non
1474 690 1642 731 possem
1667 690 1777 732 prae-

462 747 609 789 terire.
632 747 796 804 itaque,
829 748 864 790 si
883 763 1077 790 caussam
1099 749 1258 805 quaeris
1285 749 1584 802 absolutionis,
1607 753 1676 800 (ut
1694 749 1780 789 iam

464 822 557 872 πρὸς
577 821 616 860 τὸ
637 823 816 874 πρότερον
844 826 1077 876 revertar,)
1101 828 1270 879 egestas
1299 822 1490 864 iudicum
1509 821 1605 875 fuit,
1628 826 1672 862 et
1690 826 1780 862 tur-

463 893 632 949 pitudo.
664 894 712 935 id
740 899 885 936 autem
919 901 966 936 ut
997 895 1231 949 accideret,
1260 895 1532 937 commissum
1566 899 1632 936 est
1665 893 1780 936 Hor-

464 966 594 1008 tensii
614 967 823 1008 consilio:
857 969 935 1025 qui
955 969 1055 1010 dum
1077 968 1242 1010 veritus
1263 973 1343 1019 est,
1372 983 1426 1010 ne
1447 968 1600 1010 Fufius
1621 967 1662 1009 ei
1691 967 1782 1023 legi

466 1039 771 1094 intercederet,
803 1056 902 1097 quae
923 1056 981 1083 ex
1012 1041 1057 1083 S.
1081 1041 1134 1083 C.
1156 1042 1394 1094 ferebatur,
1416 1056 1503 1082 non
1526 1040 1635 1082 vidit
1655 1040 1782 1092 illud,

466 1113 600 1155 satius
631 1129 740 1168 esse,
762 1114 886 1156 illum
919 1115 963 1155 in
995 1114 1184 1156 infamiae
1205 1114 1396 1170 relinqui
1417 1113 1632 1166 sordibus,
1653 1128 1783 1169 quam

468 1187 641 1228 infirmo
662 1187 824 1229 iudicio
845 1188 1085 1228 committi:
1120 1186 1196 1228 sed
1228 1187 1383 1227 ductus
1411 1186 1512 1226 odio
1532 1186 1787 1242 properavit

470 1275 562 1302 rem
583 1259 802 1301 deducere
824 1260 870 1300 in
900 1259 1124 1313 iudicium,
1147 1274 1243 1300 cum
1264 1259 1389 1299 illum
1410 1258 1616 1314 plumbeo
1636 1257 1787 1314 gladio

471 1332 716 1388 iugulatum
741 1333 796 1374 iri
816 1338 961 1374 tamen
983 1332 1163 1373 diceret.
1215 1331 1304 1373 Sed
1321 1330 1544 1385 iudicium,
1559 1331 1594 1372 si
1612 1331 1787 1387 quaeriS,

472 1406 603 1461 quale
622 1406 755 1448 fuerit
772 1423 783 1457 3
815 1405 1064 1447 incredibili
1085 1405 1228 1459 exitu,
1248 1405 1324 1457 sic,
1341 1405 1404 1446 uti
1418 1419 1533 1446 nunc
1553 1419 1611 1447 ex
1629 1410 1789 1447 eventu

473 1479 528 1520 ab
548 1479 660 1533 aliis,
683 1495 709 1520 a
730 1494 796 1521 me
817 1484 963 1521 tamen
980 1494 1036 1521 ex
1056 1479 1152 1536 ipso
1173 1479 1298 1520 initio
1315 1478 1543 1520 consilium
1561 1478 1791 1521 Hortensii

472 1552 832 1607 reprehendatur.
868 1567 965 1594 nam
1002 1558 1050 1594 ut
1074 1552 1255 1594 reiectio
1286 1552 1401 1593 facta
1432 1557 1499 1593 est
1526 1550 1788 1593 clamoribus

475 1627 703 1678 maximis3
736 1642 834 1668 cum
861 1631 1100 1680 accusator,
1122 1633 1329 1682 tanquam
1352 1641 1506 1668 censor
1531 1625 1683 1679 bonus,
1714 1624 1790 1666 ho-

475 1700 612 1742 mines
646 1700 933 1755 nequissimos
968 1699 1183 1751 reficeret,
1214 1714 1328 1752 reuS,
1363 1704 1568 1755 tanquam
1602 1698 1793 1740 clemens

475 1774 650 1827 lanista,
682 1773 1022 1829 frugalissimum
1052 1787 1270 1829 quemque
1305 1778 1581 1823 secerneret3
1625 1777 1674 1813 ut
1703 1772 1791 1829 pri-

478 1862 594 1888 mum
624 1846 788 1888 iudices
817 1846 1124 1900 consederunt,
1157 1846 1287 1888 valde
1315 1846 1511 1888 diffidere
1530 1845 1632 1887 boni
1652 1860 1793 1903 coepe-

479 1925 597 1962 runt.
619 1934 705 1960 non
727 1919 842 1962 enim
864 1935 1053 1975 unquam
1073 1920 1246 1977 turpior
1264 1920 1307 1960 in
1328 1919 1435 1961 ludo
1450 1919 1608 1961 talario
1623 1933 1792 1961 conses-

480 2008 552 2036 sus
573 1994 669 2034 fuit.
690 1993 899 2034 maculosi
919 1999 1156 2047 senatores,
1182 1994 1286 2034 nudi
1308 1993 1492 2048 equites,
1512 1992 1678 2034 tribuni
1707 2007 1793 2034 non

481 2074 569 2109 tam
593 2067 715 2109 aerati
739 2082 886 2123 quam,
909 2072 959 2108 ut
979 2067 1277 2123 appellantur,
1311 2066 1468 2108 aerarii.
1503 2066 1633 2123 pauci
1649 2071 1795 2108 tamen

480 2141 587 2183 boni
607 2141 795 2194 inerant,
817 2155 926 2196 quos
947 2140 1184 2182 reiectione
1200 2140 1353 2196 fugare
1374 2139 1451 2180 ille
1471 2153 1558 2180 non
1576 2144 1796 2196 potuerat,

482 2215 557 2271 qui
587 2215 725 2257 maesti
756 2215 871 2256 inter
895 2215 961 2256 sui
988 2214 1235 2267 dissimiles,
1257 2219 1302 2255 et
1322 2218 1548 2255 maerentes
1569 2213 1795 2265 sedebant,

483 2295 528 2331 et
548 2289 805 2345 contagione
823 2288 1105 2346 turpitudinis
1121 2288 1401 2329 vehementer
1415 2287 1795 2343 permovebantur.

482 2363 567 2415 hic,
584 2368 632 2404 ut
650 2377 836 2419 quaeque
856 2376 926 2404 res
942 2361 997 2403 ad
1015 2360 1244 2403 consilium
1264 2360 1413 2418 primis
1429 2360 1713 2417 petitionibus
1731 2375 1798 2402 re-

485 2437 724 2489 ferebatur,
743 2435 1011 2478 incredibilis
1033 2440 1129 2478 erat
1148 2435 1383 2477 severitas:
1429 2434 1554 2476 nulla
1583 2434 1800 2476 varietate

486 2509 821 2552 sententiarum:
855 2509 967 2551 nihil
994 2509 1260 2565 impetrabat
1279 2522 1402 2549 reus:
1435 2507 1536 2564 plus
1556 2508 1799 2549 accusatori

488 2583 688 2638 dabatur,
701 2598 831 2640 quam
845 2582 1120 2640 postulabat:
1143 2581 1440 2637 triumphabat
1457 2580 1582 2638 (quid
1597 2581 1800 2636 quaeris?)

489 2656 754 2698 Hortensius
779 2671 824 2698 se
853 2655 1010 2699 vidisse
1040 2659 1234 2697 tantum:
1276 2668 1403 2695 nemo
1431 2658 1540 2707 erat,
1568 2654 1643 2709 qui
1674 2654 1797 2695 illum

489 2743 625 2785 reum,
647 2745 697 2773 ac
724 2745 812 2773 non
839 2731 997 2774 millies
1030 2729 1363 2773 condemnatum
1395 2727 1697 2770 arbitraretur.
1730 2742 1800 2769 me
