1971 3263
461 293 495 325 X
900 289 1105 324 PRAEVIA
1141 290 1302 326 OPERI

458 391 653 451 oblatae,
675 397 857 441 etcum
876 391 935 439 iis
953 392 1183 455 quaedam
1208 393 1298 441 lux
1314 410 1417 458 qua
1433 396 1589 457 genus
1606 394 1757 443 huius

235 546 246 581 ¹
249 499 440 581 ἓιὶεοετοηῐε
459 509 664 557 quoque
693 491 913 539 Tulliani
950 490 1138 556 Scripti
1173 508 1548 556 cognoscamus.
1619 494 1760 543 Cice-

316 572 324 582 .
456 607 623 639 ronem
663 591 810 653 igitur
843 591 1010 639 denuo
1046 597 1288 648 tenemus,
1327 607 1427 654 quo
1474 592 1613 655 quid,
1652 607 1755 649 oro,

454 705 545 738 nos
580 689 752 737 melius
785 689 1035 747 volumus,
1075 695 1162 737 aut
1195 688 1318 753 quid
1352 689 1642 752 praeclarius
1675 706 1760 755 op-

457 788 655 836 tamus?
723 788 892 837 Huius
931 806 993 837 ex
1033 787 1294 836 uberrimis
1333 788 1550 836 fontibus
1589 789 1763 837 hause-

451 895 570 936 runt
601 887 876 936 doctissimi
900 887 1091 951 quique
1112 887 1216 945 viri,
1243 887 1429 951 quibus
1463 893 1629 935 tamen
1658 903 1761 935 om-

451 987 599 1036 nibus
620 988 725 1052 ipse
748 993 958 1053 praestat
978 986 1193 1035 elatione
1215 1003 1276 1034 ac
1301 986 1561 1034 divinitate
1585 985 1761 1034 oratio-

451 1087 528 1136 nis
579 1105 699 1136 suae.
788 1086 944 1134 Tullii
996 1085 1245 1150 siquidem
1299 1084 1592 1149 eloquentia
1649 1091 1758 1133 tum

451 1202 634 1249 magno
674 1202 830 1234 cursu
874 1185 1138 1249 sonituque
1177 1185 1409 1241 defertur,
1453 1190 1561 1231 tum
1607 1199 1758 1245 quem

451 1284 627 1333 florem
664 1291 751 1333 aut
785 1286 922 1349 quod
953 1285 1125 1332 lumen
1159 1281 1420 1346 elegantiae
1450 1297 1550 1328 non
1577 1279 1761 1328 habet?

452 1383 569 1432 Hoc
593 1383 842 1432 enimvero
862 1382 1117 1446 Scriptore
1131 1381 1253 1429 nihil
1271 1380 1492 1429 ornatius
1508 1380 1646 1444 apud
1667 1379 1762 1428 La-

451 1483 580 1531 tinos
620 1500 683 1530 ex
722 1482 856 1530 omni
891 1480 1191 1529 saeculorum
1227 1481 1467 1529 memoria
1504 1481 1757 1544 cognitum

449 1588 540 1630 est.
610 1582 927 1631 Numerosus
950 1586 1026 1628 est
1046 1579 1223 1637 verbiS,
1248 1579 1459 1627 illustris
1484 1579 1754 1637 sententiis,

450 1681 735 1747 exquisitus
759 1680 1001 1738 doctrina,
1027 1679 1327 1744 argumentis
1358 1679 1586 1737 invictus,
1619 1679 1759 1727 uber-

450 1785 552 1828 tate
571 1796 737 1828 rerum
755 1779 1001 1827 infinitus:
1037 1795 1131 1826 nec
1155 1778 1260 1826 ulla
1281 1784 1358 1826 est
1376 1778 1482 1825 ullo
1507 1777 1554 1825 in
1578 1795 1756 1841 genere

450 1878 563 1927 laus
599 1878 844 1935 Oratoris‚
886 1877 1031 1925 cuius
1068 1877 1118 1925 in
1156 1876 1401 1925 Tullianis
1434 1875 1760 1925 Orationibus

451 1995 551 2027 non
577 1978 643 2027 sit
662 1979 936 2043 perfectum
959 1978 1228 2042 exemplar.

247 2095 437 2148 cqmmen-
518 2078 610 2126 VI.
647 2079 800 2134 Quod
825 2077 866 2125 si
891 2077 1005 2126 Deo
1022 2077 1182 2125 visum
1201 2083 1347 2135 esset,
1366 2084 1423 2125 ut
1441 2095 1530 2141 pro
1554 2077 1629 2125 his
1652 2094 1758 2141 pre-

230 2147 595 2227 {iiiitiffae'tiosis
642 2179 847 2243 quidem
893 2178 982 2225 sed
1027 2176 1282 2226 distractis
1336 2184 1486 2241 atque
1530 2178 1759 2242 abruptis

455 2277 713 2327 Ciceronis
738 2276 1053 2340 Fragmentis
1072 2277 1207 2341 ipsos
1231 2278 1449 2341 integros
1469 2278 1622 2326 libros
1645 2279 1760 2326 effo-

453 2379 701 2434 deremus,
748 2383 869 2424 tunc
919 2377 1120 2424 demum
1165 2377 1385 2424 omnium
1428 2376 1760 2426 Eruditorum

453 2477 696 2540 gaudium
733 2481 866 2523 esset
900 2476 1229 2524 cumulatum.
1301 2475 1451 2523 Nunc
1482 2475 1534 2522 id
1567 2475 1761 2524 deside-

453 2576 581 2624 rium
603 2593 722 2623 sane
745 2592 895 2638 grave
918 2581 1071 2639 atque
1096 2575 1328 2622 acerbum
1358 2574 1758 2623 Commentarius

454 2675 693 2739 copiosus
715 2674 935 2722 ineditus
958 2690 1058 2722 non
1095 2690 1267 2738 parum
1296 2673 1501 2721 solatur.
1573 2673 1631 2721 In
1657 2690 1760 2737 quo

455 2775 657 2839 quidem
682 2774 881 2838 Scripto
904 2773 1251 2838 antiquissimo
1274 2773 1399 2838 quid
1420 2772 1764 2821 vehementius
