1918 3254
609 459 889 508 ORATIO

383 582 468 631 De
507 582 662 633 REGE
697 584 1123 633 ALEXANDRINO.

104 767 120 786 ρ,
155 766 165 788 -.
206 777 215 787 .
251 739 462 804 privatis
485 742 900 790 erubescendum.

172 822 258 870 UT
296 839 512 882 RAPJAT,
551 841 618 873 UT
654 841 1087 874 LATROCINETUR.

174 904 567 955 Vehementibus
617 914 666 955 et
713 908 971 956 invidiosis
1016 906 1181 956 verbis
1235 906 1406 954 utitur.

109 986 228 1035 Non
246 988 391 1045 dixit,
412 997 470 1037 ut
488 997 732 1053 exposcat
748 991 1092 1048 hereditatem,
1118 997 1175 1037 ut
1198 988 1293 1037 sibi
1311 986 1412 1035 rin}

109 1067 274 1129 dicet3
310 1071 397 1119 sed
423 1087 526 1135 quo
564 1072 642 1119 vel
674 1072 889 1120 maxime
924 1072 1091 1136 pudor
1134 1078 1413 1119 consterne-

109 1157 244 1200 retur
279 1153 613 1211 audientium,
648 1161 705 1202 ut
742 1154 918 1219 rapiat,
962 1153 1143 1217 inquit,
1181 1160 1232 1200 et
1269 1153 1415 1199 latro-

111 1234 321 1284 cinetur.
392 1237 517 1292 Quae
559 1238 663 1285 sine
688 1238 846 1285 dubio
868 1254 970 1285 non
992 1236 1116 1284 iuris
1145 1235 1299 1282 verba
1323 1234 1414 1282 sed

115 1317 330 1376 sceleris,
350 1320 413 1367 ab
436 1320 722 1368 huiusmodi
746 1320 1025 1384 cupiditate
1044 1320 1338 1367 deterreant.

183 1400 242 1448 S1
271 1418 481 1459 HERcLE
508 1419 566 1450 IN
594 1418 814 1450 NOSTRIS
841 1418 1010 1450 REBUS
1046 1419 1157 1449 TAM
1196 1418 1265 1448 AD
1302 1416 1415 1457 RES,

117 1501 230 1533 TAM
267 1503 338 1534 AD
374 1491 655 1534 PECUNIAS‘*
692 1500 947 1542 ADTENTI,
985 1500 1097 1532 TAM
1136 1499 1304 1531 AVARI
1343 1497 1422 1530 so-

115 1583 363 1615 LEREMUS
401 1585 537 1617 Esse.

185 1651 372 1699 Dicere
406 1651 612 1715 quidem
645 1651 942 1715 generaliter
980 1652 1191 1708 videtur,
1229 1649 1423 1698 etiamsi

116 1735 167 1783 in
202 1734 410 1798 privatis
449 1734 675 1799 pecuniis
719 1735 855 1783 avari
891 1734 1116 1782 homines
1156 1739 1337 1789 essent,
1373 1732 1425 1779 in

117 1818 340 1882 publicis
373 1826 537 1867 tamen
574 1817 1032 1882 disceptationibus
1060 1833 1159 1865 non
1196 1823 1427 1881 oportere

121 1908 313 1949 tantam
330 1902 655 1966 cupiditatem
674 1901 900 1966 pecuniae
917 1900 1151 1965 profiteri.
1190 1899 1291 1947 Sed
1314 1914 1428 1964 pro-

123 1983 206 2032 cul
260 1984 417 2032 dubio
470 1985 593 2032 nihil
636 1984 802 2033 aliudb
858 1985 974 2048 agit,
1034 2000 1186 2047 quam
1237 1989 1295 2030 ut
1336 1980 1426 2029 .M.

126 2065 297 2114 Crassi
338 2083 500 2115 mores
537 2069 754 2124 denotet,
813 2068 878 2114 de
913 2083 1016 2130 quo
1059 2073 1234 2130 praeter
1279 2065 1432 2112 histo-

126 2148 226 2197 iam
253 2156 267 2172 ⁰
333 2156 615 2214 praeterque
679 2150 871 2197 exitum
938 2149 1112 2197 mortis
1184 2148 1306 2205 eius,
1378 2147 1429 2196 in

175 2376 191 2393 ⁸
205 2373 294 2406 Cod.
318 2374 339 2390 “
352 2371 444 2406 Tam
462 2373 507 2406 ad
523 2384 589 2412 res.
614 2373 658 2406 ad
675 2372 844 2417 pecunias
860 2375 933 2405 tam
963 2371 1109 2410 adtenti,
1133 2373 1206 2404 tam
1225 2370 1352 2409 avari,”
1367 2370 1434 2403 etc.

128 2419 237 2453 Porro
265 2419 490 2453 notissimum
519 2423 573 2453 est
598 2424 770 2463 quantam
800 2419 869 2452 vim
894 2419 1054 2463 pecuniae
1086 2417 1279 2462 profuderit
1309 2416 1437 2450 Romae

129 2466 356 2507 Ptolemaeus,
379 2472 421 2499 ut
437 2466 502 2499 sibi
518 2472 680 2500 senatum
695 2466 906 2499 conciliaret.

178 2511 192 2532 ¹³
215 2513 304 2546 cod.
320 2511 414 2546 aliut.
430 2513 562 2546 Recole
579 2513 623 2546 ad
639 2516 736 2546 Orat.
753 2513 789 2546 in
801 2511 893 2546 Clod.
910 2518 941 2545 et
959 2511 1094 2545 Carion.
1108 2522 1141 2555 p.
1160 2513 1214 2544 17.
1238 2520 1272 2543 n.
1291 2513 1321 2543 1.

178 2563 191 2578 ⁶
216 2558 347 2592 Confer
370 2559 600 2592 Plutarchum
617 2560 653 2593 in
670 2558 801 2599 Crasso,
818 2559 1021 2602 Appianum
1048 2559 1087 2591 de
1103 2557 1185 2591 bello
1208 2556 1333 2590 Parth.
1351 2555 1441 2589 Dio-¹

133 2614 226 2645 nem,
242 2605 321 2639 Lib.
338 2615 398 2639 xt..
419 2609 469 2640 12.
519 2606 690 2647 Quamvis
718 2606 771 2639 hae
788 2610 928 2638 cunctae
954 2604 1108 2638 historiae
1123 2603 1332 2648 posteriores
1357 2606 1442 2636 sunt

136 2651 407 2692 Commentario,
432 2663 539 2696 quem
556 2653 660 2685 modo
687 2663 752 2686 nos
779 2652 930 2692 edimus,
955 2651 1130 2696 siquidem
1146 2651 1176 2684 is
1204 2654 1259 2683 est
1283 2649 1440 2683 Asconii.

136 2697 186 2730 Et
202 2696 366 2732 Crassum
383 2699 526 2742 quidem
543 2699 587 2732 de
605 2699 724 2733 Causa
748 2699 932 2732 Ptolemaei
949 2698 1082 2731 dixisse
1098 2698 1134 2730 in
1151 2699 1277 2730 senatu
1300 2700 1441 2729 senten-

137 2743 235 2781 tiam.
258 2747 356 2787 patet
383 2755 430 2778 ex
459 2745 640 2780 Ciceronis
674 2749 702 2781 l.
729 2745 774 2779 ad
805 2744 928 2779 famil.
965 2745 1076 2789 Epist.
1096 2747 1125 2778 l.
1152 2747 1172 2762 “
1191 2744 1340 2777 Crassus
1370 2747 1443 2776 tres

135 2790 270 2833 legatos
283 2789 472 2826 deceruit.’'
1443 2803 1447 2806 ⁴
