<?xml version="1.0" encoding="UTF-8"?>
<!DOCTYPE html PUBLIC "-//W3C//DTD XHTML 1.0 Transitional//EN"
    "http://www.w3.org/TR/xhtml1/DTD/xhtml1-transitional.dtd">
<html xmlns="http://www.w3.org/1999/xhtml" xml:lang="en" lang="en">
 <head>
  <title>
</title>
<meta http-equiv="Content-Type" content="text/html;charset=utf-8" />
  <meta name='ocr-system' content='tesseract 3.04.00' />
  <meta name='ocr-capabilities' content='ocr_page ocr_carea ocr_par ocr_line ocrx_word'/>
</head>
<body>
  <div class='ocr_page' id='page_1' title='image "./sexorationumfrag00ciceuoft_0196.png"; bbox 0 0 1918 3254; ppageno 0'>
   <div class='ocr_carea' id='block_1_1' title="bbox 262 886 380 968">
    <p class='ocr_par' dir='ltr' id='par_1_1' title="bbox 262 886 380 968">
     <span class='ocr_line' id='line_1_1' title="bbox 272 886 380 920; baseline 0 0"><span class='ocrx_word' id='word_1_1' title='bbox 272 886 380 920; x_wconf 77' lang='lat' dir='ltr'>Edit..</span> 
     </span>
     <span class='ocr_line' id='line_1_2' title="bbox 262 933 380 968; baseline -0.008 0"><span class='ocrx_word' id='word_1_2' title='bbox 262 933 308 968; x_wconf 89' lang='lat' dir='ltr'>N.</span> <span class='ocrx_word' id='word_1_3' title='bbox 324 936 380 967; x_wconf 78' lang='lat'>23.</span> 
     </span>
    </p>
   </div>
   <div class='ocr_carea' id='block_1_2' title="bbox 257 1629 376 1663">
    <p class='ocr_par' dir='ltr' id='par_1_2' title="bbox 257 1629 376 1663">
     <span class='ocr_line' id='line_1_3' title="bbox 257 1629 376 1663; baseline -0.008 0"><span class='ocrx_word' id='word_1_4' title='bbox 257 1629 303 1663; x_wconf 81' lang='lat' dir='ltr'>N.</span> <span class='ocrx_word' id='word_1_5' title='bbox 321 1631 376 1663; x_wconf 83' lang='lat'>24.</span> 
     </span>
    </p>
   </div>
   <div class='ocr_carea' id='block_1_3' title="bbox 449 279 1290 323">
    <p class='ocr_par' dir='ltr' id='par_1_3' title="bbox 449 279 1290 323">
     <span class='ocr_line' id='line_1_4' title="bbox 449 279 1290 323; baseline 0.005 -13"><span class='ocrx_word' id='word_1_6' title='bbox 449 282 513 323; x_wconf 87' lang='lat'>90</span> <span class='ocrx_word' id='word_1_7' title='bbox 919 279 1019 312; x_wconf 81' lang='lat' dir='ltr'>PRO</span> <span class='ocrx_word' id='word_1_8' title='bbox 1056 279 1290 314; x_wconf 79' lang='lat' dir='ltr'><strong>PLANCIO.</strong></span> 
     </span>
    </p>
   </div>
   <div class='ocr_carea' id='block_1_4' title="bbox 442 375 1759 2498">
    <p class='ocr_par' dir='ltr' id='par_1_4' title="bbox 443 375 1757 853">
     <span class='ocr_line' id='line_1_5' title="bbox 449 375 1753 432; baseline -0.001 -6"><span class='ocrx_word' id='word_1_9' title='bbox 449 379 644 427; x_wconf 82' lang='lat' dir='ltr'>solebat</span> <span class='ocrx_word' id='word_1_10' title='bbox 675 377 770 424; x_wconf 89' lang='lat' dir='ltr'>hoc</span> <span class='ocrx_word' id='word_1_11' title='bbox 802 375 1066 432; x_wconf 84' lang='lat' dir='ltr'>observari,</span> <span class='ocrx_word' id='word_1_12' title='bbox 1106 382 1163 424; x_wconf 90' lang='lat' dir='ltr'>ut</span> <span class='ocrx_word' id='word_1_13' title='bbox 1194 375 1407 424; x_wconf 70' lang='lat' dir='ltr'>Hostiad</span> <span class='ocrx_word' id='word_1_14' title='bbox 1443 386 1488 425; x_wconf 75' lang='lat' dir='ltr'>et</span> <span class='ocrx_word' id='word_1_15' title='bbox 1528 376 1753 425; x_wconf 82' lang='lat' dir='ltr'>civitates</span> 
     </span>
     <span class='ocr_line' id='line_1_6' title="bbox 448 459 1753 524; baseline -0.001 -15"><span class='ocrx_word' id='word_1_16' title='bbox 448 462 734 509; x_wconf 87' lang='lat' dir='ltr'>adiacentes</span> <span class='ocrx_word' id='word_1_17' title='bbox 775 459 1121 523; x_wconf 84' lang='lat' dir='ltr'>portiunculas</span> <span class='ocrx_word' id='word_1_18' title='bbox 1169 459 1332 507; x_wconf 82' lang='lat' dir='ltr'>carnis</span> <span class='ocrx_word' id='word_1_19' title='bbox 1370 460 1652 524; x_wconf 79' lang='lat' dir='ltr'>acciperent</span> <span class='ocrx_word' id='word_1_20' title='bbox 1688 477 1753 508; x_wconf 84' lang='lat' dir='ltr'>ex</span> 
     </span>
     <span class='ocr_line' id='line_1_7' title="bbox 447 542 1757 608; baseline 0.003 -19"><span class='ocrx_word' id='word_1_21' title='bbox 447 542 649 589; x_wconf 87' lang='lat' dir='ltr'>Albano</span> <span class='ocrx_word' id='word_1_22' title='bbox 685 546 853 588; x_wconf 91' lang='lat' dir='ltr'>monte</span> <span class='ocrx_word' id='word_1_23' title='bbox 887 542 1164 589; x_wconf 87' lang='lat' dir='ltr'>secundum</span> <span class='ocrx_word' id='word_1_24' title='bbox 1197 548 1412 591; x_wconf 88' lang='lat' dir='ltr'>veterem</span> <span class='ocrx_word' id='word_1_25' title='bbox 1447 544 1757 608; x_wconf 85' lang='lat' dir='ltr'>superstitio-</span> 
     </span>
     <span class='ocr_line' id='line_1_8' title="bbox 444 623 1755 688; baseline 0.005 -18"><span class='ocrx_word' id='word_1_26' title='bbox 444 640 571 671; x_wconf 88' lang='lat' dir='ltr'>nem.</span> <span class='ocrx_word' id='word_1_27' title='bbox 653 623 781 670; x_wconf 87' lang='lat' dir='ltr'>Tam</span> <span class='ocrx_word' id='word_1_28' title='bbox 811 624 1045 688; x_wconf 83' lang='lat' dir='ltr'>exiguum</span> <span class='ocrx_word' id='word_1_29' title='bbox 1067 625 1115 672; x_wconf 92' lang='lat' dir='ltr'>in</span> <span class='ocrx_word' id='word_1_30' title='bbox 1136 624 1234 673; x_wconf 90' lang='lat' dir='ltr'>illis</span> <span class='ocrx_word' id='word_1_31' title='bbox 1271 626 1552 675; x_wconf 78' lang='lat' dir='ltr'>civitatibus</span> <span class='ocrx_word' id='word_1_32' title='bbox 1583 645 1755 676; x_wconf 89' lang='lat' dir='ltr'>nume-</span> 
     </span>
     <span class='ocr_line' id='line_1_9' title="bbox 443 705 1753 774; baseline 0.004 -21"><span class='ocrx_word' id='word_1_33' title='bbox 443 722 554 753; x_wconf 88' lang='lat' dir='ltr'>rum</span> <span class='ocrx_word' id='word_1_34' title='bbox 589 705 846 756; x_wconf 88' lang='lat' dir='ltr'>hominum</span> <span class='ocrx_word' id='word_1_35' title='bbox 891 707 1152 771; x_wconf 83' lang='lat' dir='ltr'>significat,</span> <span class='ocrx_word' id='word_1_36' title='bbox 1193 715 1248 757; x_wconf 90' lang='lat' dir='ltr'>ut</span> <span class='ocrx_word' id='word_1_37' title='bbox 1281 709 1445 758; x_wconf 70' lang='lat' dir='ltr'>desint</span> <span class='ocrx_word' id='word_1_38' title='bbox 1483 711 1631 759; x_wconf 89' lang='lat' dir='ltr'>etiam</span> <span class='ocrx_word' id='word_1_39' title='bbox 1668 711 1753 774; x_wconf 89' lang='lat' dir='ltr'>qui</span> 
     </span>
     <span class='ocr_line' id='line_1_10' title="bbox 446 788 1688 853; baseline 0.004 -18"><span class='ocrx_word' id='word_1_40' title='bbox 446 804 646 836; x_wconf 82' lang='lat' dir='ltr'>carnem</span> <span class='ocrx_word' id='word_1_41' title='bbox 677 788 891 853; x_wconf 81' lang='lat' dir='ltr'>petitum</span> <span class='ocrx_word' id='word_1_42' title='bbox 915 791 979 842; x_wconf 87' lang='lat' dir='ltr'>de</span> <span class='ocrx_word' id='word_1_43' title='bbox 1004 791 1234 839; x_wconf 80' lang='lat' dir='ltr'>sollemni</span> <span class='ocrx_word' id='word_1_44' title='bbox 1253 808 1390 840; x_wconf 87' lang='lat' dir='ltr'>more</span> <span class='ocrx_word' id='word_1_45' title='bbox 1413 791 1688 842; x_wconf 84' lang='lat' dir='ltr'><strong>mittantur.</strong></span> 
     </span>
    </p>

    <p class='ocr_par' dir='ltr' id='par_1_5' title="bbox 444 872 1755 1016">
     <span class='ocr_line' id='line_1_11' title="bbox 511 872 1754 932; baseline 0.003 -12"><span class='ocrx_word' id='word_1_46' title='bbox 511 872 900 930; x_wconf 82' lang='lat' dir='ltr'><strong>ADIUNGAMUS‚</strong></span> <span class='ocrx_word' id='word_1_47' title='bbox 954 889 1001 921; x_wconf 79' lang='lat' dir='ltr'>sr</span> <span class='ocrx_word' id='word_1_48' title='bbox 1051 890 1152 932; x_wconf 82' lang='lat' dir='ltr'>vls,</span> <span class='ocrx_word' id='word_1_49' title='bbox 1206 890 1264 924; x_wconf 92' lang='lat' dir='ltr'>1D</span> <span class='ocrx_word' id='word_1_50' title='bbox 1311 891 1452 924; x_wconf 97' lang='lat' dir='ltr'><strong>QUOD</strong></span> <span class='ocrx_word' id='word_1_51' title='bbox 1504 892 1570 923; x_wconf 80' lang='lat' dir='ltr'>TU</span> <span class='ocrx_word' id='word_1_52' title='bbox 1624 890 1754 926; x_wconf 79' lang='lat' dir='ltr'>HUlc</span> 
     </span>
     <span class='ocr_line' id='line_1_12' title="bbox 444 962 1755 1016; baseline 0.002 -12"><span class='ocrx_word' id='word_1_53' title='bbox 444 962 670 1004; x_wconf 77' lang='lat' dir='ltr'>OBESSEe</span> <span class='ocrx_word' id='word_1_54' title='bbox 708 972 879 1004; x_wconf 83' lang='lat' dir='ltr'><strong>ETIAM</strong></span> <span class='ocrx_word' id='word_1_55' title='bbox 918 973 1099 1016; x_wconf 80' lang='lat' dir='ltr'><strong>PUTAS,</strong></span> <span class='ocrx_word' id='word_1_56' title='bbox 1134 973 1352 1006; x_wconf 80' lang='lat' dir='ltr'><strong>PATREM</strong></span> <span class='ocrx_word' id='word_1_57' title='bbox 1382 974 1755 1007; x_wconf 74' lang='lat' dir='ltr'><strong>PUBLICANUM.</strong></span> 
     </span>
    </p>

    <p class='ocr_par' dir='ltr' id='par_1_6' title="bbox 442 1039 1757 1599">
     <span class='ocr_line' id='line_1_13' title="bbox 509 1039 1755 1105; baseline 0.002 -19"><span class='ocrx_word' id='word_1_58' title='bbox 509 1039 555 1086; x_wconf 90' lang='lat' dir='ltr'>T</span> <span class='ocrx_word' id='word_1_59' title='bbox 560 1039 779 1087; x_wconf 86' lang='lat' dir='ltr'>ransitus</span> <span class='ocrx_word' id='word_1_60' title='bbox 809 1041 865 1087; x_wconf 83' lang='lat' dir='ltr'>fit</span> <span class='ocrx_word' id='word_1_61' title='bbox 895 1040 961 1087; x_wconf 86' lang='lat' dir='ltr'>ad</span> <span class='ocrx_word' id='word_1_62' title='bbox 993 1040 1427 1102; x_wconf 79' lang='lat' dir='ltr'>quaestiunculam,</span> <span class='ocrx_word' id='word_1_63' title='bbox 1466 1058 1570 1105; x_wconf 86' lang='lat' dir='ltr'>qua</span> <span class='ocrx_word' id='word_1_64' title='bbox 1600 1041 1755 1089; x_wconf 83' lang='lat' dir='ltr'>humi-</span> 
     </span>
     <span class='ocr_line' id='line_1_14' title="bbox 442 1122 1757 1187; baseline 0.001 -17"><span class='ocrx_word' id='word_1_65' title='bbox 442 1122 557 1170; x_wconf 80' lang='lat' dir='ltr'>litas</span> <span class='ocrx_word' id='word_1_66' title='bbox 581 1122 776 1185; x_wconf 80' lang='lat' dir='ltr'>generis</span> <span class='ocrx_word' id='word_1_67' title='bbox 797 1122 1105 1171; x_wconf 81' lang='lat' dir='ltr'>obiciebatur</span> <span class='ocrx_word' id='word_1_68' title='bbox 1126 1122 1352 1180; x_wconf 81' lang='lat' dir='ltr'>Plancio,</span> <span class='ocrx_word' id='word_1_69' title='bbox 1377 1122 1459 1171; x_wconf 80' lang='lat' dir='ltr'>utf</span> <span class='ocrx_word' id='word_1_70' title='bbox 1490 1131 1757 1187; x_wconf 79' lang='lat' dir='ltr'>eapropter</span> 
     </span>
     <span class='ocr_line' id='line_1_15' title="bbox 442 1205 1756 1270; baseline 0.001 -17"><span class='ocrx_word' id='word_1_71' title='bbox 442 1205 675 1269; x_wconf 76' lang='lat' dir='ltr'>elargitus</span> <span class='ocrx_word' id='word_1_72' title='bbox 693 1206 959 1270; x_wconf 86' lang='lat' dir='ltr'>pecuniam</span> <span class='ocrx_word' id='word_1_73' title='bbox 976 1206 1241 1262; x_wconf 85' lang='lat' dir='ltr'>videretur,</span> <span class='ocrx_word' id='word_1_74' title='bbox 1259 1205 1498 1268; x_wconf 87' lang='lat' dir='ltr'>quoniam</span> <span class='ocrx_word' id='word_1_75' title='bbox 1517 1205 1756 1268; x_wconf 84' lang='lat' dir='ltr'>consequi</span> 
     </span>
     <span class='ocr_line' id='line_1_16' title="bbox 442 1287 1755 1351; baseline 0.002 -16"><span class='ocrx_word' id='word_1_76' title='bbox 442 1288 727 1336; x_wconf 77' lang='lat' dir='ltr'>aedilitatem</span> <span class='ocrx_word' id='word_1_77' title='bbox 767 1289 967 1335; x_wconf 80' lang='lat' dir='ltr'>familiae</span> <span class='ocrx_word' id='word_1_78' title='bbox 1002 1306 1105 1335; x_wconf 78' lang='lat' dir='ltr'>suae</span> <span class='ocrx_word' id='word_1_79' title='bbox 1150 1287 1393 1350; x_wconf 79' lang='lat' dir='ltr'>dignitate</span> <span class='ocrx_word' id='word_1_80' title='bbox 1426 1294 1755 1351; x_wconf 85' lang='lat' dir='ltr'>nonposset.</span> 
     </span>
     <span class='ocr_line' id='line_1_17' title="bbox 442 1370 1756 1434; baseline 0.001 -15"><span class='ocrx_word' id='word_1_81' title='bbox 442 1370 836 1419; x_wconf 89' lang='lat' dir='ltr'>Publicanorum</span> <span class='ocrx_word' id='word_1_82' title='bbox 878 1371 1047 1434; x_wconf 84' lang='lat' dir='ltr'>itaque</span> <span class='ocrx_word' id='word_1_83' title='bbox 1087 1370 1290 1418; x_wconf 89' lang='lat' dir='ltr'>Tullius</span> <span class='ocrx_word' id='word_1_84' title='bbox 1326 1370 1555 1419; x_wconf 87' lang='lat' dir='ltr'>ordinem</span> <span class='ocrx_word' id='word_1_85' title='bbox 1586 1388 1756 1420; x_wconf 86' lang='lat' dir='ltr'>neces·</span> 
     </span>
     <span class='ocr_line' id='line_1_18' title="bbox 442 1452 1757 1517; baseline 0.003 -18"><span class='ocrx_word' id='word_1_86' title='bbox 442 1453 573 1500; x_wconf 85' lang='lat' dir='ltr'>sario</span> <span class='ocrx_word' id='word_1_87' title='bbox 601 1453 805 1510; x_wconf 84' lang='lat' dir='ltr'>adserit,</span> <span class='ocrx_word' id='word_1_88' title='bbox 839 1453 927 1517; x_wconf 88' lang='lat' dir='ltr'>qui</span> <span class='ocrx_word' id='word_1_89' title='bbox 955 1461 1075 1502; x_wconf 87' lang='lat' dir='ltr'>tunc</span> <span class='ocrx_word' id='word_1_90' title='bbox 1095 1470 1160 1501; x_wconf 85' lang='lat' dir='ltr'>ex</span> <span class='ocrx_word' id='word_1_91' title='bbox 1179 1453 1399 1517; x_wconf 87' lang='lat' dir='ltr'>equestri</span> <span class='ocrx_word' id='word_1_92' title='bbox 1421 1452 1757 1503; x_wconf 85' lang='lat' dir='ltr'>ordineacce-</span> 
     </span>
     <span class='ocr_line' id='line_1_19' title="bbox 442 1535 1458 1599; baseline 0.001 -17"><span class='ocrx_word' id='word_1_93' title='bbox 442 1536 627 1583; x_wconf 83' lang='lat' dir='ltr'>debant</span> <span class='ocrx_word' id='word_1_94' title='bbox 650 1536 715 1583; x_wconf 84' lang='lat' dir='ltr'>ad</span> <span class='ocrx_word' id='word_1_95' title='bbox 738 1535 1058 1599; x_wconf 79' lang='lat' dir='ltr'>vectigalium</span> <span class='ocrx_word' id='word_1_96' title='bbox 1082 1536 1458 1585; x_wconf 85' lang='lat' dir='ltr'>redemtionem.</span> 
     </span>
    </p>

    <p class='ocr_par' dir='ltr' id='par_1_7' title="bbox 442 1618 1757 1915">
     <span class='ocr_line' id='line_1_20' title="bbox 509 1618 1753 1675; baseline 0.002 -9"><span class='ocrx_word' id='word_1_97' title='bbox 509 1618 666 1672; x_wconf 85' lang='lat' dir='ltr'><strong>QUOD</strong></span> <span class='ocrx_word' id='word_1_98' title='bbox 718 1634 918 1666; x_wconf 84' lang='lat' dir='ltr'><strong>FUERIT</strong></span> <span class='ocrx_word' id='word_1_99' title='bbox 968 1633 1321 1675; x_wconf 80' lang='lat' dir='ltr'><strong>PUBLICANUS,</strong></span> <span class='ocrx_word' id='word_1_100' title='bbox 1361 1634 1465 1665; x_wconf 86' lang='lat' dir='ltr'>VEL</span> <span class='ocrx_word' id='word_1_101' title='bbox 1507 1632 1649 1668; x_wconf 89' lang='lat' dir='ltr'><strong>QUOD</strong></span> <span class='ocrx_word' id='word_1_102' title='bbox 1683 1635 1753 1668; x_wconf 80' lang='lat' dir='ltr'>AB</span> 
     </span>
     <span class='ocr_line' id='line_1_21' title="bbox 443 1717 1757 1758; baseline 0.001 -9"><span class='ocrx_word' id='word_1_103' title='bbox 443 1717 611 1750; x_wconf 80' lang='lat' dir='ltr'>socus</span> <span class='ocrx_word' id='word_1_104' title='bbox 656 1718 822 1750; x_wconf 82' lang='lat' dir='ltr'><strong>UNICE</strong></span> <span class='ocrx_word' id='word_1_105' title='bbox 872 1717 1258 1758; x_wconf 81' lang='lat' dir='ltr'><strong>DILIGEBATUR‚</strong></span> <span class='ocrx_word' id='word_1_106' title='bbox 1297 1717 1402 1749; x_wconf 88' lang='lat' dir='ltr'>VEL</span> <span class='ocrx_word' id='word_1_107' title='bbox 1436 1718 1579 1751; x_wconf 90' lang='lat' dir='ltr'><strong>QUOD</strong></span> <span class='ocrx_word' id='word_1_108' title='bbox 1613 1718 1757 1750; x_wconf 85' lang='lat' dir='ltr'><strong>DILI-</strong></span> 
     </span>
     <span class='ocr_line' id='line_1_22' title="bbox 442 1799 1755 1843; baseline 0.001 -10"><span class='ocrx_word' id='word_1_109' title='bbox 442 1799 776 1833; x_wconf 85' lang='lat' dir='ltr'><strong>GENTISSIME</strong></span> <span class='ocrx_word' id='word_1_110' title='bbox 826 1799 1091 1843; x_wconf 53' lang='lat' dir='ltr'><strong>ROGABAT,</strong></span> <span class='ocrx_word' id='word_1_111' title='bbox 1131 1799 1234 1830; x_wconf 84' lang='lat' dir='ltr'>VEL</span> <span class='ocrx_word' id='word_1_112' title='bbox 1282 1799 1410 1833; x_wconf 84' lang='lat' dir='ltr'><strong>QUIA</strong></span> <span class='ocrx_word' id='word_1_113' title='bbox 1460 1800 1563 1832; x_wconf 86' lang='lat' dir='ltr'>PRO</span> <span class='ocrx_word' id='word_1_114' title='bbox 1607 1800 1755 1834; x_wconf 84' lang='lat' dir='ltr'><strong>FILIO</strong></span> 
     </span>
     <span class='ocr_line' id='line_1_23' title="bbox 444 1882 827 1915; baseline -0.003 0"><span class='ocrx_word' id='word_1_115' title='bbox 444 1882 827 1915; x_wconf 80' lang='lat' dir='ltr'><strong>SUPPLICABAT.</strong></span> 
     </span>
    </p>

    <p class='ocr_par' dir='ltr' id='par_1_8' title="bbox 442 1949 1759 2265">
     <span class='ocr_line' id='line_1_24' title="bbox 512 1949 1756 2014; baseline 0.002 -16"><span class='ocrx_word' id='word_1_116' title='bbox 512 1949 800 1998; x_wconf 89' lang='lat' dir='ltr'>Cumulavit</span> <span class='ocrx_word' id='word_1_117' title='bbox 833 1949 1042 2012; x_wconf 81' lang='lat' dir='ltr'>gratiam</span> <span class='ocrx_word' id='word_1_118' title='bbox 1084 1949 1402 2013; x_wconf 78' lang='lat' dir='ltr'>suffiagantis</span> <span class='ocrx_word' id='word_1_119' title='bbox 1447 1951 1512 1999; x_wconf 89' lang='lat' dir='ltr'>de</span> <span class='ocrx_word' id='word_1_120' title='bbox 1548 1957 1756 2014; x_wconf 86' lang='lat' dir='ltr'>paterno</span> 
     </span>
     <span class='ocr_line' id='line_1_25' title="bbox 442 2033 1759 2097; baseline 0.001 -15"><span class='ocrx_word' id='word_1_121' title='bbox 442 2034 590 2083; x_wconf 86' lang='lat' dir='ltr'>etiam</span> <span class='ocrx_word' id='word_1_122' title='bbox 629 2035 808 2091; x_wconf 87' lang='lat' dir='ltr'>favore,</span> <span class='ocrx_word' id='word_1_123' title='bbox 862 2034 944 2081; x_wconf 89' lang='lat' dir='ltr'>eui</span> <span class='ocrx_word' id='word_1_124' title='bbox 979 2033 1363 2097; x_wconf 89' lang='lat' dir='ltr'>publicanorum</span> <span class='ocrx_word' id='word_1_125' title='bbox 1407 2033 1633 2082; x_wconf 85' lang='lat' dir='ltr'>Societas</span> <span class='ocrx_word' id='word_1_126' title='bbox 1673 2036 1759 2084; x_wconf 87' lang='lat' dir='ltr'>ad-</span> 
     </span>
     <span class='ocr_line' id='line_1_26' title="bbox 442 2115 1757 2181; baseline 0.002 -17"><span class='ocrx_word' id='word_1_127' title='bbox 442 2117 602 2174; x_wconf 85' lang='lat' dir='ltr'>fuerit,</span> <span class='ocrx_word' id='word_1_128' title='bbox 637 2126 696 2164; x_wconf 83' lang='lat' dir='ltr'>ut</span> <span class='ocrx_word' id='word_1_129' title='bbox 728 2116 858 2164; x_wconf 89' lang='lat' dir='ltr'>filius</span> <span class='ocrx_word' id='word_1_130' title='bbox 892 2115 998 2165; x_wconf 90' lang='lat' dir='ltr'>eius</span> <span class='ocrx_word' id='word_1_131' title='bbox 1021 2118 1087 2165; x_wconf 88' lang='lat' dir='ltr'>ad</span> <span class='ocrx_word' id='word_1_132' title='bbox 1111 2116 1437 2181; x_wconf 89' lang='lat' dir='ltr'>optinendam</span> <span class='ocrx_word' id='word_1_133' title='bbox 1470 2116 1757 2166; x_wconf 83' lang='lat' dir='ltr'>aedilitatem</span> 
     </span>
     <span class='ocr_line' id='line_1_27' title="bbox 442 2199 972 2265; baseline -0.002 -17"><span class='ocrx_word' id='word_1_134' title='bbox 442 2199 610 2265; x_wconf 88' lang='lat' dir='ltr'>potius</span> <span class='ocrx_word' id='word_1_135' title='bbox 636 2199 972 2248; x_wconf 86' lang='lat' dir='ltr'>adiuvaretur.</span> 
     </span>
    </p>

    <p class='ocr_par' dir='ltr' id='par_1_9' title="bbox 444 2282 1756 2498">
     <span class='ocr_line' id='line_1_28' title="bbox 510 2282 1755 2346; baseline 0.001 -15"><span class='ocrx_word' id='word_1_136' title='bbox 510 2282 757 2332; x_wconf 79' lang='lat' dir='ltr'><strong>ALIQUID</strong></span> <span class='ocrx_word' id='word_1_137' title='bbox 806 2298 1094 2346; x_wconf 70' lang='lat' dir='ltr'><strong>PRAE‘rEREA</strong></span> <span class='ocrx_word' id='word_1_138' title='bbox 1145 2284 1367 2346; x_wconf 86' lang='lat' dir='ltr'><strong>[TIMIDE</strong></span> <span class='ocrx_word' id='word_1_139' title='bbox 1416 2299 1605 2341; x_wconf 86' lang='lat' dir='ltr'><strong>DlCAM,</strong></span> <span class='ocrx_word' id='word_1_140' title='bbox 1658 2300 1755 2332; x_wconf 87' lang='lat' dir='ltr'>SED</span> 
     </span>
     <span class='ocr_line' id='line_1_29' title="bbox 444 2367 1756 2429; baseline -0.001 -15"><span class='ocrx_word' id='word_1_141' title='bbox 444 2381 632 2415; x_wconf 83' lang='lat' dir='ltr'><strong>TAMEN</strong></span> <span class='ocrx_word' id='word_1_142' title='bbox 670 2381 956 2414; x_wconf 82' lang='lat' dir='ltr'><strong>DICENDUM</strong></span> <span class='ocrx_word' id='word_1_143' title='bbox 1001 2367 1118 2429; x_wconf 79' lang='lat' dir='ltr'>Es&#39;r]</span> <span class='ocrx_word' id='word_1_144' title='bbox 1165 2381 1393 2416; x_wconf 82' lang='lat' dir='ltr'><strong>ALIQUID</strong></span> <span class='ocrx_word' id='word_1_145' title='bbox 1441 2381 1756 2415; x_wconf 80' lang='lat' dir='ltr'><strong>ADTULIMUS</strong></span> 
     </span>
     <span class='ocr_line' id='line_1_30' title="bbox 445 2465 773 2498; baseline 0 -1"><span class='ocrx_word' id='word_1_146' title='bbox 445 2465 617 2498; x_wconf 80' lang='lat' dir='ltr'>E&#39;rIAM</span> <span class='ocrx_word' id='word_1_147' title='bbox 656 2465 773 2497; x_wconf 82' lang='lat' dir='ltr'>Nos.</span> 
     </span>
    </p>
   </div>
   <div class='ocr_carea' id='block_1_5' title="bbox 444 2616 1758 2839">
    <p class='ocr_par' dir='ltr' id='par_1_10' title="bbox 444 2616 1757 2745">
     <span class='ocr_line' id='line_1_31' title="bbox 490 2616 1756 2660; baseline -0.002 -8"><span class='ocrx_word' id='word_1_148' title='bbox 490 2617 505 2638; x_wconf 58' lang='grc' dir='ltr'>ἃ</span> <span class='ocrx_word' id='word_1_149' title='bbox 531 2618 659 2653; x_wconf 78' lang='lat' dir='ltr'>Hostia</span> <span class='ocrx_word' id='word_1_150' title='bbox 685 2618 770 2652; x_wconf 90' lang='lat' dir='ltr'>urbs</span> <span class='ocrx_word' id='word_1_151' title='bbox 798 2618 896 2652; x_wconf 86' lang='lat' dir='ltr'>Latii</span> <span class='ocrx_word' id='word_1_152' title='bbox 921 2617 1085 2652; x_wconf 76' lang='lat' dir='ltr'>scribitur</span> <span class='ocrx_word' id='word_1_153' title='bbox 1111 2617 1293 2650; x_wconf 82' lang='lat' dir='ltr'>interdum</span> <span class='ocrx_word' id='word_1_154' title='bbox 1321 2627 1404 2650; x_wconf 89' lang='lat' dir='ltr'>cum</span> <span class='ocrx_word' id='word_1_155' title='bbox 1433 2616 1670 2660; x_wconf 82' lang='lat' dir='ltr'>adspiratione</span> <span class='ocrx_word' id='word_1_156' title='bbox 1697 2616 1756 2650; x_wconf 86' lang='lat' dir='ltr'>Sic</span> 
     </span>
     <span class='ocr_line' id='line_1_32' title="bbox 444 2661 1757 2708; baseline -0.002 -10"><span class='ocrx_word' id='word_1_157' title='bbox 444 2665 541 2708; x_wconf 84' lang='lat' dir='ltr'>apud</span> <span class='ocrx_word' id='word_1_158' title='bbox 565 2666 759 2698; x_wconf 85' lang='lat' dir='ltr'>Gruterum</span> <span class='ocrx_word' id='word_1_159' title='bbox 789 2674 958 2699; x_wconf 71' lang='lat' dir='ltr'>ccccmv,</span> <span class='ocrx_word' id='word_1_160' title='bbox 984 2667 1037 2699; x_wconf 90' lang='lat'>10.</span> <span class='ocrx_word' id='word_1_161' title='bbox 1086 2663 1226 2698; x_wconf 82' lang='lat' dir='ltr'>Colonia</span> <span class='ocrx_word' id='word_1_162' title='bbox 1261 2661 1463 2698; x_wconf 72' lang='lat' dir='ltr'>Hostiensis.</span> <span class='ocrx_word' id='word_1_163' title='bbox 1521 2662 1617 2697; x_wconf 77' lang='lat' dir='ltr'>Vide</span> <span class='ocrx_word' id='word_1_164' title='bbox 1647 2662 1757 2696; x_wconf 84' lang='lat' dir='ltr'>etiam</span> 
     </span>
     <span class='ocr_line' id='line_1_33' title="bbox 445 2711 912 2745; baseline 0 0"><span class='ocrx_word' id='word_1_165' title='bbox 445 2711 685 2745; x_wconf 80' lang='lat' dir='ltr'>Forcellinum</span> <span class='ocrx_word' id='word_1_166' title='bbox 700 2722 777 2745; x_wconf 76' lang='lat' dir='ltr'>voc.</span> <span class='ocrx_word' id='word_1_167' title='bbox 802 2711 912 2745; x_wconf 76' lang='lat' dir='ltr'>Ostia.</span> 
     </span>
    </p>

    <p class='ocr_par' dir='ltr' id='par_1_11' title="bbox 491 2755 1758 2824">
     <span class='ocr_line' id='line_1_34' title="bbox 491 2755 1758 2824; baseline 0.001 -35"><span class='ocrx_word' id='word_1_168' title='bbox 491 2761 506 2824; x_wconf 54' lang='grc' dir='ltr'>ἶ</span> <span class='ocrx_word' id='word_1_169' title='bbox 531 2757 657 2790; x_wconf 81' lang='lat' dir='ltr'>Codex</span> <span class='ocrx_word' id='word_1_170' title='bbox 672 2756 792 2792; x_wconf 80' lang='lat' dir='ltr'>abesse.</span> <span class='ocrx_word' id='word_1_171' title='bbox 844 2758 916 2793; x_wconf 81' lang='lat' dir='ltr'>Sed</span> <span class='ocrx_word' id='word_1_172' title='bbox 931 2757 1114 2803; x_wconf 79' lang='lat' dir='ltr'>mendum,</span> <span class='ocrx_word' id='word_1_173' title='bbox 1131 2767 1216 2792; x_wconf 83' lang='lat' dir='ltr'>nam</span> <span class='ocrx_word' id='word_1_174' title='bbox 1231 2756 1357 2792; x_wconf 84' lang='lat' dir='ltr'>Cicero</span> <span class='ocrx_word' id='word_1_175' title='bbox 1372 2766 1407 2791; x_wconf 91' lang='lat' dir='ltr'>n.</span> <span class='ocrx_word' id='word_1_176' title='bbox 1423 2758 1479 2792; x_wconf 87' lang='lat'>31.</span> <span class='ocrx_word' id='word_1_177' title='bbox 1496 2755 1625 2803; x_wconf 75' lang='lat' dir='ltr'>repetit</span> <span class='ocrx_word' id='word_1_178' title='bbox 1640 2755 1758 2791; x_wconf 74' lang='lat' dir='ltr'>obesse.</span> 
     </span>
    </p>

    <p class='ocr_par' dir='ltr' id='par_1_12' title="bbox 525 2803 765 2839">
     <span class='ocr_line' id='line_1_35' title="bbox 525 2803 765 2839; baseline 0.004 -2"><span class='ocrx_word' id='word_1_179' title='bbox 525 2803 651 2838; x_wconf 79' lang='lat' dir='ltr'>Codex</span> <span class='ocrx_word' id='word_1_180' title='bbox 666 2810 702 2837; x_wconf 77' lang='lat' dir='ltr'>nt</span> <span class='ocrx_word' id='word_1_181' title='bbox 718 2810 765 2839; x_wconf 81' lang='lat' dir='ltr'>ut.</span> 
     </span>
    </p>
   </div>
  </div>
 </body>
</html>
