1971 3263
457 251 504 298 vi
877 262 1085 297 PRAEVIA
1122 261 1284 295 OPERI

456 376 669 417 mentem
700 384 758 415 ac
783 382 958 413 manus
975 379 1073 410 non
1094 363 1412 419 continerem,
1449 375 1658 423 meaque
1678 374 1761 406 cu-

454 468 638 531 piditas
672 471 819 513 tantae
845 462 1163 526 antiquitatis
1188 469 1393 525 aspectu
1415 477 1606 509 sumine
1630 456 1761 506 exci-

457 572 657 618 taretur,
677 561 883 624 cognovi
905 561 1123 625 deniqne
1143 576 1221 607 me
1239 561 1303 606 ad
1319 560 1581 607 mirificum
1594 573 1762 622 quem-

457 662 573 708 dam
596 661 723 707 alius
754 660 943 722 generis
977 660 1260 706 thesaurum
1285 658 1557 705 devenisse.
1627 655 1760 703 Nam

456 759 535 806 hic
560 776 761 822 quoque
786 759 961 807 Codex
985 759 1338 822 palimpsestus
1370 764 1461 804 est.
1529 756 1635 803 Iam
1670 754 1764 819 pri-

458 874 539 905 ma
566 866 615 905 et
650 859 904 922 antiquior
940 858 1190 922 scriptura
1225 857 1402 905 litteris
1438 855 1631 919 magnis
1654 854 1765 918 pul-

458 958 695 1021 chrisque
735 966 941 1006 exarata
980 964 1071 1014 est,
1108 974 1211 1020 qua
1246 964 1410 1004 tamen
1445 955 1485 1003 si
1517 972 1628 1004 cum
1663 955 1763 1004 alio

460 1056 652 1105 Codice
677 1057 950 1112 Ciceronis,
972 1074 1123 1120 quem
1140 1074 1298 1120 nuper
1313 1055 1627 1111 excudimus,
1652 1070 1765 1102 con-

456 1156 600 1212 feras,
639 1157 906 1221 ampliores
952 1158 1077 1205 forte
1118 1157 1336 1221 quidem,
1375 1156 1463 1203 sed
1503 1155 1764 1218 aliquanto

455 1256 684 1304 rudiores
724 1257 1090 1320 deprehendes:
1141 1273 1305 1319 neque
1345 1263 1459 1311 tres,
1497 1260 1556 1301 ut
1593 1253 1642 1300 in
1677 1252 1764 1300 illo

456 1355 623 1418 Priore
646 1355 985 1419 palimpsesto,
1025 1356 1112 1402 sed
1138 1355 1267 1401 duas
1286 1359 1481 1400 tantum
1504 1352 1764 1400 columnas

455 1470 776 1517 unaquaeque
796 1454 979 1517 pagina
1008 1455 1184 1501 habet:
1223 1470 1337 1517 quae
1356 1453 1504 1517 paulo
1520 1451 1765 1516 sequioris

455 1551 616 1600 aetatis
634 1552 821 1601 indicia
845 1560 973 1601 sunt.
1045 1553 1198 1608 Quod
1222 1553 1372 1616 igitur
1387 1553 1437 1601 in
1456 1554 1551 1601 hoc
1573 1552 1763 1601 Codice

455 1652 766 1716 deprehendi
787 1652 948 1715 Opus,
987 1652 1198 1715 primum
1229 1654 1436 1717 quidem
1470 1660 1585 1701 sunt
1612 1652 1761 1702 trium

458 1752 716 1805 Ciceronis
741 1752 1032 1800 Orationem
1057 1753 1232 1800 Partes
1251 1752 1448 1800 ineditae
1472 1769 1587 1800 cum
1611 1751 1766 1800 Inter-

455 1859 595 1916 prete
619 1851 828 1914 antiquo
852 1851 966 1899 item
996 1851 1197 1900 inedito.
1265 1852 1399 1900 Tum
1437 1853 1568 1900 idem
1608 1851 1765 1900 Inter-

457 1968 572 2015 pres
595 1951 813 1998 ineditus
837 1951 888 1998 in
912 1951 1034 1998 alias
1059 1957 1279 2016 quatuor
1312 1951 1568 1999 Ciceronis
1603 1951 1763 2000 editas

255 2054 355 2088 Prior
365 2053 440 2085 eius
459 2051 739 2098 Orationes
794 2050 972 2098 Primae
993 2051 1110 2098 mihi
1131 2068 1244 2099 cum
1264 2051 1369 2099 suis
1385 2051 1545 2100 titulis
1566 2052 1613 2099 in
1640 2069 1767 2100 mar-

235 2100 409 2144 scriptura

235 2146 443 2226 ξῗὲξξὲιὲῗ·
461 2151 571 2215 gine
595 2151 914 2198 exstantibus
947 2157 1276 2198 occurrerunt
1310 2149 1489 2198 Partes
1513 2150 1767 2200 Orationis

237 2219 374 2272 geronis
385 2251 443 2283 pa-

235 2286 445 2319 rtiminedi-

234 2335 366 2366 tacum
385 2344 444 2366 an-
582 2368 592 2372 ,
1008 2350 1016 2358 ·
1398 2349 1406 2357 ·
1453 2352 1461 2358 -
1554 2349 1561 2357 ·
1715 2350 1723 2358 ·

235 2367 690 2422 tiquocom-RIOBEM’
750 2368 878 2414 quas
932 2352 1033 2407 ubi,
1089 2349 1234 2396 valde
1271 2351 1491 2397 evanldis
1530 2350 1649 2397 licet
1691 2351 1767 2398 l1t-

237 2427 411 2459 mentario
541 2450 547 2457 .
715 2449 723 2457 .
1137 2449 1145 2457 .
1503 2449 1511 2457 .
1571 2449 1579 2457 .

236 2471 443 2506 iteminedi-
463 2460 593 2505 teris,
632 2450 741 2513 legi.
781 2461 829 2496 et
860 2456 1050 2513 partem
1082 2456 1231 2497 etlam
1263 2449 1583 2512 pulcherrimi
1621 2450 1769 2498 Com-

234 2520 284 2553 to.

462 2251 712 2300 Tullianae
752 2251 1027 2315 deperditae
1080 2266 1137 2297 ΙΝ
1175 2249 1236 2296 Ρ.
1272 2249 1525 2297 CLODIUM
1565 2267 1630 2298 ΕΤ
1669 2250 1767 2300 CU-

461 2548 687 2596 mentarii
706 2548 854 2611 plane
878 2556 1085 2612 stupens
1105 2547 1351 2612 percurri3
1387 2555 1526 2596 tanto
1546 2549 1675 2612 coepi
1698 2567 1768 2597 re-

458 2653 608 2710 pente
632 2647 811 2709 gestire
830 2647 1031 2710 gaudio,
1069 2656 1122 2695 ut
1159 2648 1317 2696 solem
1350 2648 1515 2712 ipsum
1549 2649 1769 2698 beatissi-

457 2761 588 2792 mum
614 2746 953 2808 praedicarem,
991 2746 1078 2809 qui
1117 2754 1459 2810 erumpentem
1490 2765 1518 2795 e
1553 2749 1766 2797 tenebris
