1918 3254
475 268 561 328 132
910 287 1010 321 PRo
1035 286 1330 323 MARCELLO,

535 385 858 432 Curricuium
882 385 1070 434 dicitur
1098 387 1327 451 spacium
1350 404 1437 450 per
1465 387 1604 452 quod
1623 405 1773 452 agun-

468 473 550 514 tur
586 473 796 522 currUS‚‘'¹
838 474 986 531 aptus
1027 468 1219 517 scilicet
1243 469 1412 516 cursui
1441 470 1598 519 locus.
1669 470 1771 518 Sed

461 549 803 612 metaphorice
821 551 1014 598 forense
1025 568 1230 616 quoque
1245 540 1463 599 officium
1473 553 1774 601 curriculum

468 630 612 687 dixit,
640 631 787 694 quasi
808 632 975 680 locum
1001 640 1177 697 aptum
1202 633 1478 697 probandis
1507 640 1659 697 atque
1691 651 1773 682 ex-

467 713 693 762 ercendis
708 714 935 777 ingeniis,
1007 716 1103 763 Est
1126 723 1294 764 autem
1312 717 1391 763 hic
1411 733 1587 763 sensus
1609 735 1620 764 ε
1657 703 1773 764 cum

465 796 516 844 in
550 796 865 859 eloquentiis,
894 798 1069 860 inquit,
1096 799 1364 855 curriculo,
1389 799 1439 846 id
1468 805 1544 846 est
1566 799 1616 846 in
1650 800 1771 854 foro,

465 879 712 927 imitatore
732 886 895 927 uterer
920 880 992 928 M.
1027 881 1289 938 Marcello,
1316 882 1534 944 elanguit
1556 881 1776 938 studium

466 961 660 1009 honesti
687 963 967 1009 certaminis
993 963 1309 1011 {emulatione
1334 963 1564 1011 sublata.⁰

297 1059 394 1093 Edit.
536 1043 661 1092 NON
688 1060 810 1092 ILLE
838 1061 1033 1093 HOSTES
1061 1062 1295 1094 INDUXIT
1316 1061 1375 1093 IN
1395 1061 1614 1094 CURIAM.

286 1105 332 1140 Ν·
352 1108 406 1140 ¹3'
539 1129 666 1176 Cum
688 1144 789 1184 eos,
814 1127 990 1190 inquit,
1027 1128 1088 1175 G.
1117 1128 1286 1176 Caesar
1308 1127 1393 1190 qui
1417 1135 1594 1174 contra
1615 1145 1668 1175 se
1690 1145 1779 1192 pro

471 1211 716 1274 Pompeio
738 1227 875 1258 arma
900 1217 1134 1274 ceperant
1158 1209 1205 1255 in
1236 1215 1460 1256 senatun]
1484 1208 1777 1267 introduxit,

470 1293 630 1342 hostis
658 1294 755 1340 non
778 1293 933 1339 fuisse
956 1291 1211 1339 iudicavit.
1283 1290 1402 1339 Non
1422 1290 1552 1338 enim
1583 1291 1779 1340 hostem

437 1367 444 1372 ’
471 1375 663 1423 iudicat
681 1377 972 1437 ‹l-ttemdonat
986 1373 1173 1437 publici
1189 1372 1542 1422 communitate
1566 1375 1776 1423 consilii.

336 1487 381 1520 N.
402 1490 454 1521 16,
542 1458 666 1505 Nox
694 1472 833 1504 ENIM
858 1472 955 1504 IAM
979 1472 1166 1504 CAUSAE.

541 1542 667 1596 Quae
702 1540 863 1596 fuerit,
902 1540 1081 1604 inquit,
1111 1541 1158 1587 in
1185 1541 1318 1589 civili
1338 1542 1472 1590 bello
1496 1542 1572 1590 vel
1594 1542 1777 1606 quibus

471 1623 698 1687 partibus
740 1640 892 1670 causa
938 1622 1211 1669 dimicandi
1269 1624 1533 1687 praelatior,
1594 1624 1779 1673 nescio.

473 1707 609 1754 Illud
666 1706 784 1761 scio,
829 1714 965 1752 tuam
1007 1704 1261 1752 victoriam
1303 1706 1532 1772 Pompeid
1565 1707 1780 1755 victoriae

472 1789 876 1852 praeponendam.
945 1786 1026 1833 Tu
1060 1787 1192 1834 enim
1231 1787 1278 1833 in
1318 1788 1526 1836 victoria
1564 1789 1781 1838 clemens

473 1870 625 1925 fuisti,
649 1886 751 1932 qua
774 1869 860 1916 ille
886 1869 1141 1916 cruentius
1168 1875 1404 1917 uteretur.

340 1974 455 2008 N.20.
541 1951 826 2000 OPINIONE
851 1968 1052 2000 ormcn
1087 1967 1286 1999 STULTA
1311 1968 1588 2012 FORTASSE,
1613 1971 1779 2004 CERTE

478 2051 587 2083 NON
616 2050 870 2082 INPROBA.

547 2118 712 2174 Forte,
749 2117 926 2181 inquit,
975 2118 1133 2166 stulta
1176 2118 1324 2166 fuerit
1361 2119 1447 2167 illa
1485 2121 1666 2185 opinio,
1715 2123 1783 2170 of-

527 2370 654 2405 ³C0d.
672 2383 768 2405 fflrsr
770 2384 795 2405 s

525 2417 539 2437 ὓ
566 2417 615 2450 Ut
625 2422 746 2461 pateat
759 2418 910 2452 lucidius
921 2418 987 2462 has
1003 2418 1116 2452 Notas
1128 2430 1204 2453 esse
1221 2422 1394 2465 antiquas,
1420 2422 1602 2456 subiiciam
1618 2423 1680 2466 (ex
1693 2421 1780 2455 Cod

481 2464 525 2504 Q.
543 2467 594 2497 17.
607 2468 695 2507 pant.
723 2475 798 2508 sup.
815 2465 904 2499 Saec.
920 2475 983 2498 xv.
987 2464 1000 2506 )
1015 2466 1143 2508 ineptis
1146 2466 1270 2500 simam
1291 2468 1395 2501 aliam
1410 2469 1539 2502 Notam
1558 2468 1603 2501 ad
1619 2468 1738 2501 hunc
1728 2479 1782 2511 lp·

466 2521 558 2549 Vsum
576 2510 704 2548 locum.
718 2511 776 2544 Sic
788 2511 965 2547 constabit
979 2517 1126 2556 quantu
1117 2524 1152 2546 n
1166 2514 1503 2559 interantiquiorum
1523 2518 1558 2548 et
1576 2514 1782 2558 sequiorum

479 2561 678 2600 temporum
693 2557 823 2600 scripta
836 2557 983 2591 intersit.

541 2603 595 2643 ‘C-
601 2611 739 2637 namet·
744 2613 799 2637 Lo.
849 2604 924 2637 Est.
939 2604 1188 2639 diminutivum
1215 2605 1259 2639 de
1275 2607 1383 2640 curia.
1430 2606 1487 2640 Ita
1502 2606 1633 2640 dicitur
1647 2617 1669 2640 a
1681 2605 1785 2640 Cice-

493 2654 615 2688 rone,
646 2650 742 2693 quod
767 2650 979 2689 consulas-‚es
1002 2652 1062 2694 qui
1083 2652 1352 2694 conveniebant,
1375 2654 1412 2685 in
1437 2663 1494 2686 eo
1491 2654 1576 2686 loco
1606 2653 1784 2686 habebant

464 2696 824 2729 .‘·11actarear.:dua
845 2696 896 2730 Et
911 2696 997 2731 ideo
1006 2697 1067 2740 qni
1077 2697 1159 2732 illuc
1170 2699 1280 2747 ibant,
1296 2701 1392 2733 tanta
1404 2699 1615 2768 frequentia
1637 2699 1783 2733 incede-

466 2777 470 2779 >
481 2740 617 2781 “baim
630 2745 667 2774 ut
680 2752 817 2776 currere
829 2743 1062 2777 swideic‘ntuw

529 2787 711 2832 ‘Pompei
726 2799 788 2833 pro
804 2788 973 2835 Pompeii.
1001 2806 1003 2808 ·
