1971 3263
415 302 475 343 14
896 301 995 336 vno
1020 300 1229 337 SCAURO.

409 397 500 445 viri
527 398 645 445 boni
678 414 738 444 ex
776 395 1036 444 Sardinia:
1074 397 1223 444 credo
1257 396 1386 444 enim
1421 413 1528 444 esse
1564 408 1712 460 quos-

411 481 542 528 dam.
613 479 794 542 Neque
826 494 916 539 ego
942 494 1057 524 cum
1077 478 1141 524 de
1165 478 1294 526 vitiis
1319 480 1475 542 gentis
1511 481 1709 544 loquor,

407 563 652 610 neminem
676 560 889 624 excipio.
961 560 1065 607 Sed
1083 567 1249 607 tamen
1266 566 1278 582 ⁵
1298 568 1376 608 est
1393 563 1456 610 de
1478 563 1710 610 universo

407 663 586 708 genere
625 645 910 700 dicendum,
954 643 1003 689 in
1039 659 1142 707 quo
1175 644 1385 691 fortasse
1416 644 1570 708 aliqui
1607 644 1710 694 suis

407 727 630 775 moribus
665 733 715 774 et
737 726 1056 782 humanitate,
1093 725 1262 788 stirpis
1298 726 1457 791 ipsius
1482 735 1531 774 et
1552 728 1711 790 gentis

405 810 524 858 vitia
539 810 778 867 vicerunt,
800 809 1037 872 Magnam
1057 808 1261 870 quidem
1277 826 1386 858 esse
1400 816 1591 872 partem
1610 809 1714 857 sine

406 895 520 950 fide,
543 893 647 940 sine
672 893 911 941 societate
929 898 979 939 et
1000 891 1350 939 coniunctione
1370 892 1584 939 nominis
1604 909 1715 940 nos-

407 975 469 1023 tri
504 993 582 1024 res
611 976 750 1040 ipsa‘
785 975 1026 1022 declarat.
1097 974 1223 1028 Quae
1249 981 1323 1022 est
1346 975 1489 1031 enim,
1534 981 1714 1039 praeter

408 1056 704 1113 Sardiniam,
742 1057 998 1120 provincia
1028 1074 1141 1121 quae
1166 1057 1356 1105 nullam
1383 1058 1564 1105 habeat
1595 1057 1714 1105 ami-

407 1156 517 1186 cam
543 1139 604 1187 P.
621 1139 685 1187 R.
707 1156 764 1187 ac
789 1139 998 1187 liberam
1021 1139 1271 1187 civitatem
1290 1140 1335 1186 ἓ*
1404 1140 1581 1188 Africa
1603 1141 1714 1203 ipsa

405 1239 588 1285 parens
633 1222 719 1269 illa
765 1221 1022 1279 Sardiniae,
1072 1239 1185 1285 quae
1231 1223 1445 1285 plurima
1490 1231 1540 1271 et
1583 1240 1714 1271 acer-

405 1304 610 1352 bissima
654 1321 769 1352 cum
821 1304 1094 1353 maioribus
1147 1305 1328 1353 nostris
1371 1306 1506 1352 bella
1543 1306 1710 1368 gessit,

403 1402 505 1433 non
551 1387 715 1433 solum
761 1387 1064 1434 fidelissimis
1108 1387 1286 1449 regnis,
1339 1388 1427 1434 sed
1473 1387 1621 1435 etiam
1662 1388 1713 1435 in

402 1467 516 1530 ipsa
548 1467 807 1530 provincia
840 1485 894 1515 se
929 1486 958 1515 a
993 1468 1244 1516 Societate
1276 1469 1579 1533 punicorum
1613 1470 1714 1518 bel-

404 1549 583 1607 lorum,
632 1548 786 1597 Utica
825 1556 950 1598 teste
968 1557 1007 1607 W,
1049 1551 1288 1598 defendit.
1357 1551 1608 1615 Hispania
1641 1551 1715 1598 ul-

613 1743 639 1767 *
671 1741 879 1783 Sclzolium
901 1742 1135 1784 rudioribus
1155 1743 1321 1784 minutis
1341 1743 1499 1785 litteris.

463 1815 567 1856 Aliae
597 1814 771 1856 civitates
793 1823 882 1855 sunt
902 1815 1172 1869 stipendiariae,
1203 1816 1286 1858 aliae
1318 1815 1463 1858 liberae.
1526 1816 1711 1871 Stipend-

407 1888 508 1930 iariae
540 1904 627 1944 quae
657 1888 763 1929 bello
802 1889 1115 1944 subiunguntur3
1145 1890 1275 1931 liberae
1311 1905 1398 1945 quae
1425 1891 1473 1930 ad
1500 1890 1714 1932 amicitiam

408 1970 550 2017 sponte
583 1962 754 2004 veniunt.
816 1962 929 2004 Dicit
961 1963 1135 2006 Cicero:
1178 1965 1221 2005 in
1262 1964 1444 2005 omnibus
1488 1965 1713 2019 provinciis,

406 2052 495 2091 quae
525 2046 661 2077 contra
687 2051 758 2077 nos
790 2039 894 2078 bella
933 2045 1085 2091 gerunt,
1116 2037 1334 2078 invenimus
1364 2038 1512 2093 aliquas
1540 2038 1712 2080 civitates

405 2109 560 2161 liberas,
586 2124 673 2164 quae
701 2110 751 2149 ad
776 2108 988 2149 amicitiam
1013 2117 1186 2150 nostram
1204 2120 1344 2165 sponte
1361 2121 1564 2153 venerunt.
1616 2113 1712 2154 Sola

408 2182 587 2222 Sardinia
601 2190 673 2233 est,
694 2181 732 2222 in
751 2198 827 2237 qua
843 2182 950 2223 nulla
973 2182 1106 2224 civitas
1126 2184 1238 2225 nobis
1255 2185 1381 2227 amica
1397 2185 1477 2227 sit.x

450 2370 460 2385 ⁵
486 2369 574 2402 Cod.
591 2381 695 2403 amen.

450 2416 459 2433 ¹
484 2415 571 2449 Cod.
590 2417 725 2462 reipsa.

452 2465 466 2480 ³
493 2462 550 2495 Sic
567 2462 693 2496 Cicero
707 2473 768 2506 pro
786 2463 950 2496 Cornelio
967 2464 1082 2497 Balbo
1099 2473 1148 2497 lx.
1195 2464 1216 2480 “
1234 2463 1327 2497 Nam
1345 2465 1381 2495 et
1397 2462 1639 2506 stipendiarios
1663 2473 1709 2495 ex

404 2508 426 2524 “
444 2507 575 2548 Africa,
592 2509 721 2549 Sicilia,
750 2509 922 2552 Sardinia,
947 2510 1072 2544 ceteris
1087 2509 1274 2554 provinciis
1288 2509 1418 2543 multos
1444 2509 1586 2543 civitate
1603 2509 1711 2542 dona-

404 2554 425 2571 ‘·
444 2558 496 2586 tos
513 2555 704 2588 fidemus?

452 2604 470 2618 '⁷
495 2600 616 2634 Tertio
631 2601 723 2635 bello
737 2602 867 2646 punico
885 2602 1087 2647 incipiente.
1134 2601 1243 2635 Utica
1264 2600 1422 2636 maxima
1433 2604 1514 2645 post
1528 2601 1710 2644 Carthagi-

403 2656 487 2680 nem
501 2647 583 2679 urbs
601 2647 731 2681 Africae
748 2649 794 2681 ad
809 2648 989 2682 Romanos
1001 2660 1023 2682 a
1038 2649 1161 2682 Poenis
1178 2647 1335 2682 descivit.
1383 2647 1476 2681 Vide
1494 2647 1708 2691 Appianum,

405 2692 591 2735 Polybium
616 2694 721 2736 legat.
740 2697 816 2728 14⁶2.
866 2695 958 2728 Livii
979 2695 1169 2739 epitomem
1184 2694 1264 2728 Lib.
1280 2703 1382 2728 erx.
1430 2693 1488 2727 De
1505 2694 1710 2737 Scipionum

406 2744 525 2771 antem
543 2749 629 2771 nece
647 2743 683 2772 et
698 2740 887 2774 Gaditanae
907 2741 1004 2774 urbis
1028 2741 1065 2774 in
1089 2751 1251 2777 romanos
1267 2741 1334 2776 fide
1358 2742 1507 2774 testatur
1527 2740 1635 2774 ctiam
1652 2739 1711 2774 Ci-

405 2795 485 2819 ccro
500 2786 598 2821 Orat.
614 2796 675 2830 pro
691 2786 856 2822 Cornelio
873 2787 988 2822 Balbo
1005 2797 1067 2823 xv.
