1918 3254
433 295 498 339 36
858 292 929 326 DE
965 284 1085 324 AERE
1125 282 1319 324 ALmNo

503 391 717 442 Gestum
739 390 912 439 furiosi
939 389 1155 438 hominis
1193 426 1202 436 .
1241 427 1252 436 .
1290 425 1301 436 .
1340 425 1350 435 .

438 515 448 525 .
475 515 485 524 .
514 515 525 526 .
550 492 655 523 BER
680 490 922 522 ANIMOSE
947 487 1267 522 CONFIDENS.

504 558 563 606 In
590 557 829 606 Clodium
865 556 1186 612 convertitur,
1222 562 1278 602 ut
1299 553 1584 602 huiusmodi
1610 553 1747 601 obse„

437 641 559 704 quia
598 640 893 688 humilitatis
933 638 1226 704 plenissima
1264 638 1315 685 in
1353 654 1484 686 eum.
1503 637 1663 684 verius
1699 642 1749 683 et

436 723 749 787 probabilius
786 725 1121 779 conferantur,
1147 721 1234 784 qui
1265 720 1460 768 abiecta
1481 718 1615 768 omni
1649 718 1751 781 dign

436 805 591 854 nitate
615 806 809 855 ordinis
833 806 912 854 sui
936 804 1237 869 Pompeium
1262 802 1491 851 demissis
1521 802 1751 867 precibus

438 889 667 947 oraverit,
693 894 750 936 ut
773 889 837 936 ab
863 903 922 937 eo
946 888 995 936 in
1021 887 1232 952 gratiam
1255 878 1592 950 reciperetur?

507 971 631 1020 NON
672 972 881 1019 PUDET?
930 972 1040 1020 SED
1077 987 1207 1021 QUID
1243 984 1457 1017 PUDEAT
1491 978 1752 1016 HOMINEM

442 1073 551 1105 NON
592 1071 738 1104 MODO
769 1071 893 1102 SINE
918 1070 1150 1112 PUDORE,
1177 1068 1362 1101 VERUM
1391 1067 1605 1099 οΜΝῙΝο
1631 1058 1756 1099 SINE'

439 1139 579 1187 ORE?

508 1221 683 1270 Multa
701 1239 815 1270 cum
837 1220 1111 1269 acerbitate
1135 1219 1422 1275 insurrexit,
1450 1224 1499 1265 et
1515 1217 1758 1281 inpuden-

440 1305 562 1354 tiam
581 1306 683 1353 sive
705 1305 938 1352 infamem
963 1290 1325 1367 turpitudinem
1350 1299 1453 1348 sive
1477 1299 1760 1348 deformita-

441 1395 543 1436 tem
566 1389 734 1437 voltus
754 1388 927 1435 volens
957 1384 1275 1449 exprobare,b
1308 1400 1410 1432 non
1433 1389 1629 1431 tantum
1652 1382 1760 1430 sine

442 1472 629 1519 rubore
649 1487 819 1518 verum
839 1475 990 1517 etiam
1014 1469 1120 1517 sine
1137 1485 1225 1516 ore
1250 1467 1327 1517 .P.
1354 1466 1593 1515 Clodium
1614 1466 1759 1515 dixit.

444 1552 581 1602 Nam
605 1552 819 1601 traditur
842 1553 1003 1600 forma
1030 1551 1281 1600 inliberali
1302 1550 1354 1598 in
1377 1549 1565 1607 fuisse,c

513 1636 607 1685 SIC
644 1651 785 1684 ENIM
822 1650 1068 1683 HOMINES
1106 1648 1348 1682 EGENTES
1379 1649 1445 1680 ET
1468 1647 1761 1680 TURBARUM

447 1730 635 1767 CUP‘IDI
674 1730 1101 1766 LOQUEBANTUR:
1140 1716 1186 1764 Ο
1224 1731 1403 1763 VIRUM
1441 1714 1681 1763 usuuM!‘¹

518 1800 951 1864 Rumigerantirm
985 1814 1241 1847 sermones
1277 1798 1485 1856 rettulit,
1523 1799 1610 1862 qui
1647 1815 1764 1847 cum

449 1899 700 1932 summum
719 1882 939 1946 vigorem
961 1882 1253 1930 constantiae
1277 1882 1459 1930 Clodio
1477 1882 1770 1930 adseribsis-·

497 2058 511 2073 ²²
537 2053 715 2098 Relapsus
731 2055 796 2094 est,
812 2056 854 2086 ut
875 2052 1026 2093 videtur,
1049 2051 1175 2085 Cicero
1195 2051 1240 2085 ad
1260 2062 1406 2085 causam
1420 2052 1518 2085 ill'am
1533 2051 1767 2096 antiquiorem

451 2100 661 2134 Clodianam
678 2100 722 2132 de
737 2102 858 2143 stupro
874 2098 911 2132 in
932 2099 1067 2142 Operto
1083 2099 1196 2132 Bonae
1214 2098 1314 2131 Deae.
1364 2099 1414 2132 Et
1429 2099 1573 2143 quidem
1590 2099 1677 2132 illud
1695 2101 1769 2131 stu-

448 2157 554 2191 prum
570 2146 764 2190 saepissime
781 2145 909 2179 Clodio
927 2145 1058 2178 obiecit
1073 2145 1209 2185 Cicero,
1226 2148 1266 2178 ut
1289 2145 1360 2178 iam
1386 2145 1587 2179 notavimus
1611 2145 1655 2178 ad
1680 2145 1769 2178 Ora-

449 2194 585 2227 tionem
602 2193 820 2237 superiorem
841 2192 878 2225 in
897 2192 1051 2225 Monito.
1099 2192 1268 2224 Ceterum
1287 2192 1342 2225 hae
1360 2191 1548 2225 Partieuiae
1565 2192 1640 2224 sine
1658 2191 1768 2224 dubio

448 2241 630 2284 pertinent
642 2239 688 2272 ad
705 2239 914 2273 Orationem
928 2239 967 2271 de
979 2250 1044 2271 oere
1057 2237 1165 2272 alieno
1179 2237 1335 2281 ΖῑΙὶΙοιιίε,
1349 2248 1432 2271 nam
1449 2238 1542 2272 tituli
1558 2237 1594 2271 in
1608 2237 1767 2281 margine

450 2286 594 2320 Codicis
607 2286 643 2320 id
657 2286 839 2320 evidenter
851 2285 1106 2318 demonstrant.

500 2333 608 2373 Quod
630 2335 752 2366 autem
777 2332 865 2365 dicit
882 2331 1024 2365 Tunius
1049 2342 1070 2365 a
1093 2330 1221 2365 Clodio
1245 2330 1425 2364 humiliter
1448 2332 1635 2364 exoratum
1662 2330 1769 2363 Pom-

450 2380 584 2423 peium,
597 2378 799 2413 revocanda
810 2377 846 2411 in
865 2378 1071 2412 memoriam
1084 2382 1138 2411 est
1152 2378 1315 2421 Epistola
1332 2387 1410 2411 xlv.
1426 2377 1485 2411 lib.
1501 2387 1523 2410 1.
1538 2377 1582 2410 ad
1593 2376 1769 2417 Atticum,

450 2426 513 2459 ubi
531 2425 651 2459 scribit
665 2419 802 2468 Cicero,
816 2424 1028 2468 Pompeium
1041 2424 1078 2457 in
1098 2427 1224 2458 senatu
1236 2424 1447 2457 sententiam
1460 2423 1603 2463 dixisse,
1615 2426 1655 2456 ut
1670 2433 1772 2456 sena-

451 2473 715 2506 tusconsultum
733 2472 777 2504 de
792 2467 963 2514 religione
978 2471 1110 2505 violata
1127 2473 1245 2504 ratum
1261 2472 1365 2503 esset.
1389 2471 1485 2503 Tum
1502 2469 1616 2504 addit:
1643 2471 1663 2486 ‘⁴
1676 2469 1769 2502 Cum

451 2520 473 2536 “
489 2519 738 2552 decerneretur
752 2517 928 2561 frequenti
946 2521 1072 2550 senatu
1087 2518 1226 2560 (eontra
1241 2519 1424 2560 pugnante
1442 2516 1582 2557 Pisone,
1599 2516 1643 2549 ad
1660 2516 1771 2560 pedes

452 2566 474 2581 “
493 2565 653 2599 omnimn
669 2564 873 2608 singillatim
885 2564 1069 2597 accidente
1081 2562 1222 2606 Clodio)
1232 2565 1272 2595 ut
1285 2563 1448 2604 consules
1458 2563 1630 2606 populum
1648 2562 1770 2595 cohor-

452 2612 474 2628 “
488 2613 647 2645 tarentin·
662 2611 708 2645 ad
720 2610 940 2653 rogationem
955 2610 1211 2654 accipiendam,
1223 2609 1312 2642 ete.'’
1329 2609 1398 2642 Sed
1412 2610 1506 2642 enim
1520 2609 1564 2642 de
1575 2609 1771 2642 recentior(-

451 2657 739 2691 reconciliatione
757 2655 873 2690 Clodii
896 2667 979 2690 cum
997 2656 1167 2701 Pompeio
1190 2655 1346 2700 loquitur
1368 2655 1439 2688 Dio
1465 2656 1545 2690 Lib.
1564 2665 1697 2689 xxxix.
1713 2657 1772 2688 29.-

453 2704 499 2737 ad
514 2714 646 2736 annum
662 2704 705 2737 U.
720 2704 761 2737 C.
777 2712 1045 2737 Detxxxxvlu.

501 2749 515 2769 '³
541 2750 598 2783 Ita
613 2749 702 2782 Cod.
719 2750 910 2795 exprobare,
928 2749 1062 2782 Recole
1075 2761 1109 2794 p.
1126 2752 1178 2784 19.
1195 2749 1240 2783 N.
1257 2752 1290 2782 2.

499 2800 514 2817 ⁶
539 2795 596 2829 De
613 2795 729 2829 Clodii
743 2796 965 2829 deformitate
981 2796 1063 2829 vide
1080 2796 1178 2831 Orat.
1193 2795 1230 2830 in
1247 2795 1339 2830 Clod.
1357 2801 1387 2830 et
1402 2794 1483 2830 Cur.
1502 2806 1533 2840 p.
1552 2797 1608 2828 ⁴22.

500 2842 517 2888 ff
543 2842 632 2877 Cod.
647 2841 698 2876 sic
714 2842 898 2878 evidenter
914 2853 1039 2876 usuum.
1625 2843 1629 2846 ’
