1971 3263
1179 299 1260 347 xiv

569 397 826 448 Ciceronis
850 396 1167 461 Scripturam
1186 398 1252 444 ad
1274 412 1334 445 11.
1359 404 1448 446 aut
1471 413 1573 457 111„
1595 399 1786 448 sedulii
1801 401 1866 449 ad

565 496 689 529 vlu.
716 478 975 529 christiani
999 478 1090 527 aevi
1121 478 1365 527 saeculum
1390 481 1649 544 pertinere,
1683 481 1740 540 is,
1765 498 1867 531 non

565 578 662 610 uno
688 561 970 624 antiquario
995 560 1178 619 iudice,
1211 578 1240 608 a
1263 563 1469 610 veritate
1491 563 1628 611 haud
1651 563 1866 613 multum

562 643 826 692 aberrabit.
902 643 1049 692 Certe
1081 644 1161 692 hic
1199 643 1393 692 Sedulii
1421 644 1597 692 Codex
1617 652 1751 694 ‘ante
1781 662 1868 694 sae-

562 727 731 775 culum
758 742 808 775 x.
843 726 888 774 in
914 726 1249 775 Bobiensibus
1272 726 1460 791 pluteis
1485 725 1713 774 extitisse
1735 726 1867 776 vide·

560 814 656 857 tur.
729 809 966 872 Namque
991 810 1039 857 in
1059 809 1147 858 illo
1172 808 1432 872 Catalogo,
1459 825 1609 872 quem
1631 809 1867 874 superius

560 892 782 940 diximus
813 910 841 939 a
867 892 1150 941 Muratorio
1175 892 1382 949 editum,
1420 890 1643 955 quatuor
1669 891 1866 941 Sedulii

556 973 714 1023 libros
739 976 905 1023 videre
923 983 1012 1023 est.
1066 974 1231 1038 Atqui
1255 974 1351 1032 hic,
1379 975 1442 1022 de
1466 990 1567 1037 quo
1592 975 1861 1038 loquimur,

556 1059 833 1122 rescriptus
861 1059 1038 1106 Codex
1070 1064 1290 1121 quatuor
1315 1056 1508 1104 scilicet
1540 1057 1631 1104 etsi
1654 1056 1861 1106 mutilos

558 1140 783 1189 continet
807 1141 999 1188 sedulii
1042 1141 1213 1187 libros.
1284 1138 1424 1202 Ergo
1447 1138 1582 1187 hunc
1615 1138 1862 1188 Codicem

554 1221 651 1270 iam
678 1223 795 1271 inde
829 1240 858 1271 a
880 1222 1222 1272 vetustissima
1256 1227 1400 1269 aetate
1439 1221 1716 1270 Bobienses
1757 1238 1863 1270 rno-

553 1305 701 1353 nachi
718 1307 1081 1369 possederunt:
1119 1304 1242 1368 quin
1260 1311 1312 1351 et
1334 1303 1501 1360 iidem,
1528 1310 1585 1351 ut
1619 1303 1862 1352 credibile

554 1396 644 1445 est,
664 1389 762 1436 iam
778 1388 1009 1452 antiquas
1035 1386 1294 1437 Ciceronis
1312 1386 1629 1434 membranas
1655 1386 1864 1452 rescrip-

554 1479 740 1527 serunt,
778 1486 1133 1533 summumque
1161 1469 1430 1518 Oratorem
1454 1486 1569 1517 cum
1588 1476 1737 1533 poeta
1757 1485 1860 1517 non

551 1554 683 1602 bono
715 1559 1104 1601 commutarunt.
1172 1551 1363 1599 Verum
1404 1551 1715 1615 temporibus
1750 1551 1862 1599 bar-

552 1637 683 1684 baris
706 1636 855 1684 irasci
879 1635 1002 1699 quid
1027 1634 1266 1683 interest?
1334 1633 1537 1681 Nostrae
1556 1633 1725 1696 potius
1749 1649 1860 1697 gra-

550 1720 771 1768 tulemur
784 1718 930 1775 aetati,
953 1718 1034 1766 cui
1064 1718 1203 1766 Deus
1219 1717 1440 1782 optimus
1459 1717 1710 1764 maximus
1724 1716 1856 1766 hanc

549 1802 751 1849 laudem
776 1801 1002 1858 contulit,
1042 1807 1101 1849 ut
1122 1800 1172 1848 hi
1202 1799 1601 1864 praestantissimi
1626 1800 1856 1848 humanae

549 1885 727 1933 mentis
757 1886 907 1932 foetus
945 1885 1010 1931 ab
1043 1883 1312 1932 oblivionis
1349 1882 1557 1931 latebris
1597 1899 1732 1931 nunc
1774 1883 1861 1932 de-

547 1983 684 2015 mum
709 1972 1031 2031 emergerent.

615 2049 870 2113 Equidem
900 2050 963 2096 ad
1006 2048 1408 2097 commendanda
1447 2048 1555 2097 haec
1592 2065 1706 2112 quae
1743 2066 1860 2114 pro-

546 2132 747 2180 ferimus
790 2132 975 2195 Opera,
1018 2147 1177 2179 unum
1218 2131 1478 2180 Ciceronis
1515 2148 1698 2179 nomen
1737 2131 1858 2180 satis

546 2231 655 2262 esse
677 2215 890 2271 videtur,
917 2214 1063 2262 cuius
1088 2214 1356 2262 admiratio
1382 2215 1511 2263 adeo
1535 2221 1728 2262 mentes
1753 2231 1859 2262 om·

544 2296 683 2344 nium
718 2296 997 2360 accupavit,
1023 2303 1082 2344 ut
1105 2296 1362 2361 quidquid
1399 2298 1464 2345 ab
1499 2313 1559 2345 eo
1595 2296 1761 2353 fluxit,
1803 2297 1858 2345 id

545 2379 650 2426 sine
673 2379 830 2427 dubio
855 2379 1099 2443 optimum
1129 2379 1397 2428 iudicetur.
1469 2379 1571 2427 Sed
1596 2379 1727 2426 enim
1749 2379 1857 2428 haee

544 2461 732 2525 scripta
757 2463 843 2526 qui
869 2462 1015 2525 legat,
1040 2478 1187 2510 nemo
1205 2462 1317 2526 ipsa
1334 2479 1422 2526 per
1443 2478 1496 2510 se
1515 2478 1615 2510 non
1631 2461 1854 2511 miretur.

544 2543 604 2591 In
636 2545 877 2592 Oratione
915 2545 1191 2593 Scauriana
1229 2562 1382 2608 quam
1412 2544 1631 2608 graviter
1658 2543 1855 2599 Cicero,

543 2642 697 2689 quam
723 2629 918 2685 acerbe,
946 2645 1100 2692 quam
1121 2626 1320 2684 diserte,
1355 2619 1512 2690 quam
1532 2616 1716 2674 invictev
1748 2643 1859 2691 per-

542 2702 770 2773 sequitur
812 2710 1041 2758 Sardos?
1090 2710 1197 2757 Iam
1233 2709 1407 2757 Arinis
1444 2709 1641 2757 facinus
1677 2709 1727 2757 in
1768 2726 1860 2757 ux-

539 2806 690 2848 orem,
724 2791 1023 2856 pellicisque
1046 2791 1236 2855 flagitia
1264 2793 1453 2856 quanta
1475 2791 1664 2840 invidia
1699 2797 1854 2855 atque
