1918 3254
282 399 381 434 Edit.

275 446 322 481 N.
338 450 393 482 21.

272 980 318 1015 N.
333 983 388 1016 24.

282 1836 328 1870 N.
344 1837 375 1871 2.

453 302 545 346 134
924 300 1025 335 Pno
1050 300 1277 336 LIGARIO.

514 401 830 449 TUBERONIS
869 414 1005 445 sons.

516 482 645 530 Cum
669 481 799 528 enim
824 485 1049 543 ageretur
1068 481 1131 527 ab
1158 486 1334 528 senatu
1357 479 1470 543 quis
1492 486 1625 530 esset
1642 480 1751 530 mit-

447 564 632 612 tendus
663 563 710 610 in
737 562 961 611 Africam
985 563 1048 610 ad
1076 563 1317 610 tutandas
1342 561 1553 629 Pompei
1575 564 1749 629 partis,

445 646 640 710 placuit
675 662 778 693 rem
815 645 990 693 sortito
1026 662 1210 709 gerere.
1283 645 1419 709 Ergo
1458 647 1674 710 plurima
1700 647 1754 695 in

444 745 621 776 urnam
643 729 869 777 coniecta
894 735 1010 776 sunt
1035 728 1249 784 nomina,
1278 745 1390 792 quae
1411 729 1537 777 inter
1561 729 1755 777 Tuber-

446 811 553 859 onis
586 812 735 859 etiam
771 813 878 869 fuit,
927 812 1111 875 cuique
1145 811 1394 876 proficisci
1433 811 1484 859 in
1523 811 1751 859 Africam

445 899 580 941 sorte
602 894 749 942 veuit.

512 976 576 1025 IN
602 994 705 1026 (ΝΑ
732 994 870 1025 ERAT
897 995 1000 1026 REX
1029 994 1472 1026 POTENTISSIMUS.

511 1059 690 1109 Iubam
709 1062 955 1124 significat
971 1061 1289 1109 Mauritaniae
1300 1077 1480 1124 regem,
1501 1060 1589 1124 qui
1608 1058 1756 1108 Pom-

442 1143 523 1208 pei
545 1144 892 1201 amicissimus,
920 1143 1107 1192 Caesari
1130 1160 1246 1191 vero
1269 1143 1459 1190 invisus
1477 1142 1587 1190 fuit.

513 1226 758 1274 SIMILEM
787 1243 899 1274 ILLI
926 1242 1132 1274 GLORIAE
1160 1241 1380 1272 LAUDEM
1408 1240 1555 1273 QUAM
1579 1239 1758 1272 SAEPIS-

445 1325 574 1358 SIME
599 1325 869 1358 QUAERERE.

511 1391 796 1454 Acceptam
821 1391 1016 1438 seilicet
1048 1390 1240 1454 populo
1271 1396 1321 1447 et
1344 1389 1607 1437 amabilem
1633 1405 1752 1446 rem,

442 1473 757 1539 plausibilem
777 1474 1010 1522 omnibus
1030 1472 1349 1536 diligentibus
1374 1473 1590 1536 plebem.

681 1703 830 1751 PRO
870 1702 1073 1750 REGE
1112 1699 1518 1750 DEIOTARO.

512 1833 598 1883 AD
625 1848 980 1882 AccUsANDUM
1005 1847 1280 1879 DOMINUM.

512 1915 790 1964 Deiotarus
815 1914 946 1960 enim
970 1912 1194 1960 trahensf
1214 1913 1351 1976 apud
1378 1911 1628 1959 Caesarem
1653 1928 1758 1960 sus-

443 1998 706 2064 picionem,
743 1997 879 2060 quod
902 1997 965 2043 ob
987 1996 1213 2043 dolorem
1239 1994 1407 2042 amissi
1432 1995 1571 2058 regni
1594 1995 1756 2044 alieno

443 2081 606 2130 animo
631 2087 764 2127 esset
783 2080 1008 2135 effectUS‚
1023 2078 1273 2142 purgandi
1293 2077 1370 2125 sui
1385 2077 1546 2140 gratia
1564 2077 1758 2139 legatos

441 2164 646 2213 miserat
664 2163 881 2211 Romam
909 2160 1117 2208 Hieram
1145 2166 1194 2207 et
1219 2159 1525 2207 Blesamium
1550 2166 1598 2207 et
1623 2159 1760 2208 Asti-

441 2252 665 2310 gouum,g
684 2245 869 2307 quibus
892 2260 1087 2291 servum
1110 2259 1256 2290 suum
1280 2242 1645 2307 Phidippicum
1662 2259 1760 2290 me-

442 2328 609 2376 dicum
635 2327 962 2374 adiunxerat:
1003 2343 1155 2391 quem
1179 2344 1208 2373 a
1229 2326 1444 2390 pedibus
1476 2326 1757 2389 legatorum

442 2412 508 2459 ad
531 2410 896 2459 criminandum
925 2426 1091 2472 regem
1118 2410 1299 2457 Castor
1324 2407 1499 2472 Nepos
1520 2409 1758 2472 idemque

442 2501 709 2542 accusator
733 2493 965 2540 abduxit.

489 2666 500 2687 f
522 2668 662 2712 Nempe
679 2667 883 2700 contrahens.
924 2667 982 2699 Sic
997 2665 1092 2710 apud
1109 2665 1183 2699 Cic.
1202 2676 1255 2700 ln.
1269 2665 1418 2709 Philipp.
1437 2676 1513 2709 cap.
1531 2673 1581 2697 Vl.
1623 2665 1646 2681 “
1663 2664 1758 2707 Cog-

442 2723 573 2747 nomen
587 2725 632 2747 ex
649 2714 865 2747 contumelia
881 2713 1007 2746 traxi?
1031 2723 1160 2756 nempe
1176 2713 1356 2746 contraxit.
1405 2711 1454 2745 Et
1471 2711 1576 2745 ovid.
1623 2710 1758 2744 Fast.1.

441 2762 523 2795 596.
572 2762 593 2777 “
611 2760 676 2793 Ille
694 2760 916 2793 Numantina
929 2759 1037 2793 traxit
1052 2760 1096 2792 ab
1114 2759 1211 2793 Urbe
1236 2758 1392 2792 notam.''
1439 2758 1579 2802 Nempe
1590 2756 1650 2790 ille
1666 2755 1758 2801 (Sei-

442 2806 502 2850 pio
519 2806 747 2849 AEmilianus)
762 2806 987 2850 splendorem
1003 2816 1024 2838 a
1039 2805 1236 2839 Numantia
1252 2805 1430 2839 contraxit.

491 2857 508 2879 8
530 2852 589 2886 Ita
606 2852 694 2887 Cod.
718 2852 924 2898 Astigonum
945 2852 983 2887 in
1009 2851 1153 2897 scholio,
1169 2855 1206 2886 et
1220 2851 1364 2886 inferius
1380 2851 1426 2886 N.
1444 2853 1499 2886 41.
1514 2848 1756 2897 Arligmzusin

443 2900 556 2933 textu.
