1918 3254
250 665 347 699 Edit.

239 712 285 745 N.
300 715 358 747 37.

250 1262 297 1297 N.
315 1267 368 1297 39.

255 1997 301 2033 N.
316 2000 373 2034 40.

419 314 483 358 82
916 309 1020 346 PRO
1044 308 1227 345 sYLLA.

418 416 557 460 verat
579 407 786 459 Cassius
810 422 863 455 se
897 406 1204 471 comperisse
1238 405 1365 469 quid
1396 405 1547 454 animi
1586 403 1724 468 Sylla

419 494 641 549 haberet,
694 495 753 538 ut
789 488 889 537 tale
928 505 1085 552 genus
1123 487 1458 553 responsionis
1494 487 1729 537 absolute

420 573 704 641 purgaverit
725 571 1078 621 innocentiam.

488 655 616 705 NisI
644 672 814 705 FORTE
841 670 1164 703 vssnlsnmLE
1191 670 1286 702 Es'r
1312 653 1388 702 .P.
1416 653 1602 702 SYLLAE
1639 667 1730 701 No-

424 755 539 789 MEN
568 754 628 787 1N
656 754 911 786 MEMORIA
935 738 1132 786 CASSIO
1159 753 1269 786 NON
1296 752 1494 785 Fuisse.

487 820 791 870 Verisimilia
831 820 1083 868 contrahit
1121 826 1416 883 argumenta
1454 835 1545 884 per
1573 816 1732 881 quali-

419 910 574 954 tatem
597 920 840 969 personae,
879 920 1034 966 quam
1071 902 1268 966 generis
1310 901 1543 950 nobilitas
1577 901 1733 949 inlus-

422 988 602 1046 trabat,
653 994 711 1035 ut
743 1004 798 1035 se
836 985 989 1035 etiam
1025 1002 1127 1034 non
1162 984 1404 1048 quaerenti
1435 983 1614 1032 Cassio
1646 998 1734 1046 po·

422 1070 573 1119 tuerit
603 1071 790 1128 efferre,
827 1085 921 1117 nec
940 1074 1107 1116 tamen
1127 1066 1320 1130 aliquid
1343 1066 1428 1114 ille
1460 1082 1514 1114 se
1549 1064 1734 1114 dixerit

423 1153 745 1218 comperisse.

491 1235 600 1285 SED
656 1252 760 1285 EGO
798 1252 858 1284 1N
904 1234 1309 1286 Quffismomiws
1357 1249 1423 1281 ET
1467 1230 1734 1281 1ND10118¹¹

425 1334 538 1369 NON
562 1334 665 1367 Hoc
696 1334 1041 1369 QUAERENDUM
1081 1333 1352 1365 ARBITROR
1386 1331 1502 1364 NUM
1542 1329 1736 1364 PURGE-

423 1417 531 1451 'run
556 1416 759 1458 ALIQUI,
799 1417 897 1449 SED
922 1417 1039 1448 NUM
1067 1415 1367 1449 ARGUATUR.

478 1482 508 1507 '¹²
530 1483 602 1532 Et
625 1501 875 1549 perquam
901 1484 1179 1533 exercitata
1208 1480 1551 1546 respondendi
1582 1479 1737 1528 facul·

424 1567 883 1632 tatepropositioni
902 1566 1214 1616 accusatoris
1237 1565 1470 1622 occurrit,
1491 1580 1592 1612 non
1606 1562 1737 1610 illud

423 1651 800 1715 expectandum
824 1651 876 1698 in
896 1650 1096 1698 indiciis
1115 1666 1179 1697 au
1202 1649 1439 1696 defensus
1456 1646 1519 1694 sit
1541 1644 1737 1708 aliqui‚³³

411 1734 516 1780 sed
539 1750 604 1780 an
627 1733 930 1785 nominatus,
967 1732 1210 1792 quoniam
1231 1730 1389 1778 videri
1408 1730 1572 1794 possit
1588 1728 1738 1776 etiam

426 1811 584 1861 stulta
619 1809 843 1858 defensio
883 1809 937 1857 id
980 1810 1120 1874 quod
1162 1827 1262 1858 non
1303 1818 1574 1859 accusetur
1613 1810 1738 1859 velle

427 1910 660 1961 purgare.

454 2009 461 2013 -
497 1976 779 2026 Excmssus
821 1991 924 2024 HAG
964 1990 1374 2025 CRIMINATIONE
1415 1977 1737 2028 ToRoUA'rUs

431 2075 629 2110 RURSUS
668 2074 729 2106 1N
764 2074 840 2106 ME
881 2074 1091 2117 1NRU1T,
1132 2076 1207 2108 ME
1247 2075 1495 2117 AOEUSAT,
1539 2076 1641 2108 Al'r*
1663 2077 1737 2109 ME

431 2159 633 2193 A-LITER
657 2157 722 2190 Ac
746 2157 954 2190 DICTUM
982 2158 1067 2190 s1'r
1103 2159 1164 2190 IN
1201 2158 1441 2191 TABULAS
1481 2157 1739 2190 PUBLICAS

433 2241 777 2277 RETTULrssn.
815 2225 862 2273 Ο
887 2214 989 2273 Dii
1017 2227 1392 2274 INMORTALES!
1430 2223 1501 2272 Et
1517 2224 1740 2273 relicum.

497 2307 685 2360 qutad
708 2308 1001 2372 dignitatem
1036 2325 1263 2373 personae
1298 2309 1349 2356 in
1378 2325 1647 2356 excessum
1674 2308 1745 2355 lo·

434 2410 525 2443 cus
566 2399 704 2441 totus
744 2391 1020 2440 effunditur
1065 2408 1185 2439 cum
1224 2391 1562 2454 indignatione
1600 2390 1743 2438 vehe-

433 2476 602 2526 menti.
673 2475 759 2524 Fit
796 2475 927 2523 enim
966 2472 1263 2523 ‘coniectura
1309 2473 1536 2522 incidens
1576 2491 1638 2522 an
1680 2473 1741 2521 P.

483 2676 498 2697 <¹
524 2677 583 2711 Sic
594 2676 731 2711 indiciis
744 2676 804 2711 hic
821 2680 858 2711 et
871 2677 981 2720 enfm,
1003 2688 1078 2712 non
1099 2688 1183 2712 vero
1204 2677 1350 2720 indiciis,
1374 2687 1480 2722 quam
1496 2678 1658 2711 nostrum
1673 2677 1744 2712 lec-

437 2724 573 2758 tionem
585 2724 646 2757 alii
660 2725 768 2757 etiam
782 2724 897 2759 Codd.
912 2725 1132 2759 confirmant.

486 2769 502 2790 ἢ
525 2770 622 2803 Ante
637 2775 669 2803 et
681 2771 890 2815 relinquitur
905 2771 1071 2815 spatium,
1086 2770 1181 2816 quod
1198 2772 1332 2816 replere
1344 2781 1416 2804 non
1429 2772 1483 2804 est
1495 2769 1745 2804 necessarium

485 2821 501 2843 8
526 2815 617 2849 Cod.
630 2815 771 2861 aliquid,
796 2817 859 2850 sed
875 2817 995 2850 deleta
1007 2817 1052 2850 ab
1068 2817 1143 2863 ipso
1157 2829 1374 2853 amanuense
1401 2818 1433 2851 d.
1460 2828 1568 2862 quaro
1584 2819 1745 2851 remanet

439 2861 546 2908 aliqui
561 2872 624 2905 pro
638 2861 771 2907 aliquis,
796 2867 836 2897 ut
850 2864 957 2908 paulo
970 2867 1064 2898 ante.

485 2910 500 2931 ἀ
526 2908 615 2943 (30(1.
629 2908 736 2954 justa.
1088 2912 1090 2914 '
