1971 3263
592 283 659 319 ET
697 284 891 320 CURION
897 285 986 321 EM.
1389 289 1409 329 1
1418 288 1447 330 7

134 380 265 432 hanc
287 386 601 447 potestatem,
626 384 690 431 de
725 383 830 432 suis
854 382 1065 431 inimicis
1089 382 1446 438 vindicaretur.

137 464 219 513 De
239 466 365 513 freto
387 471 552 512 autem
590 466 730 528 quod
763 466 846 523 ait,
874 465 1028 513 illuda
1051 464 1304 529 significat
1340 483 1445 531 quo

133 547 308 595 Sicilia
330 548 394 595 ab
419 547 567 595 Italia
590 555 877 612 separatur:
912 548 963 596 in
985 566 1088 612 qua
1111 565 1165 597 se
1187 549 1449 614 provincia

133 630 226 677 sub
265 629 338 678 .C.
382 629 629 693 Vergiliob
662 631 998 693 gratularetur
1043 631 1174 679 idem
1221 633 1447 681 futurum

130 729 240 761 esse
258 720 576 778 quaestorem.

186 796 348 845 HANC
369 811 653 847 LOQUACEM
678 797 935 846 SICILIAM
963 810 1071 846 NON
1099 813 1384 847 DESPEXIT.

196 878 489 943 Loquacem
513 880 708 928 videtur
733 880 958 928 Siciliam
987 881 1153 928 dicere
1178 881 1319 945 quod
1343 880 1447 944 ple-

128 977 314 1024 rosque
333 963 397 1009 de
414 961 641 1025 pecuniis
660 964 978 1025 repetundisc
1000 970 1340 1022 accusaverat,
1361 962 1447 1021 et‚‘³

123 1050 186 1092 ut
209 1044 410 1102 scimus,
437 1044 604 1108 ipsum
629 1044 705 1093 .C.
729 1044 951 1094 Verrem.
1208 1032 1211 1034 ‚

193 1127 580 1176 ACCESSERUNT
618 1143 711 1176 ITA
748 1142 926 1185 PAUCI‚
970 1144 1038 1175 UT
1077 1144 1188 1176 EUM
1226 1141 1336 1177 NON
1375 1144 1445 1176 AD

131 1224 463 1267 CONTIONEM,
484 1227 580 1259 sm)
601 1225 842 1259 SPONSUM
869 1226 1098 1258 DICERES
1124 1225 1446 1259 ADVOCASSE.

193 1291 317 1339 AEre
339 1292 502 1340 alieno
537 1300 798 1354 gravatum
821 1299 871 1339 et
905 1309 1060 1355 supra
1094 1292 1294 1340 dixerat
1327 1293 1446 1341 Clo-

129 1373 283 1423 dium.
327 1373 570 1422 Solebant
585 1379 754 1421 autem
771 1391 1024 1422 versuram
1039 1375 1280 1423 facientes
1298 1376 1445 1440 quasi

129 1457 194 1503 ad
240 1457 413 1504 fideme
453 1457 634 1504 futurae
680 1455 942 1504 solutionis
989 1474 1259 1521 sponsores
1307 1461 1442 1506 dare.

127 1537 317 1585 Verum
340 1538 419 1585 hic
444 1539 615 1586 volens
639 1538 747 1586 eius
772 1539 1034 1602 perfidiam
1064 1540 1317 1597 denotare,
1344 1541 1441 1589 ait:

125 1637 227 1671 non
261 1620 406 1668 aliter
440 1637 631 1685 paucos
667 1622 734 1668 ad
768 1628 931 1668 rostra
965 1621 1173 1678 venisse,
1211 1639 1365 1686 quam
1401 1624 1443 1671 si

127 1710 453 1754 convocasset
470 1721 556 1752 eos
574 1704 663 1768 qui
682 1721 773 1768 pro
793 1721 847 1751 se
866 1704 1190 1768 sponderent.
1242 1705 1440 1754 Multos

172 1950 187 1966 ³
210 1945 298 1979 Cod.
322 1944 410 1988 illut,
428 1946 521 1989 quod
539 1945 612 1979 vidi
629 1945 717 1978 etin
735 1945 810 1979 aliis
828 1944 983 1989 antiquis
1008 1944 1123 1978 Codd.
1173 1944 1231 1978 Sic
1258 1944 1440 1978 interdum

124 1991 210 2026 aliut
225 2002 288 2036 pro
303 1991 406 2030 aliud.
423 1997 545 2025 contra
561 1991 680 2037 inquid
694 2003 757 2035 pro
773 1992 892 2037 inquit.

171 2038 185 2059 ὓ
209 2039 250 2072 C.
274 2038 454 2081 Vergilius
471 2039 626 2071 Siciliam
642 2038 826 2071 obtinebat
849 2040 978 2081 praetor
1006 2038 1114 2071 eiiam
1141 2048 1225 2071 cum
1252 2037 1377 2071 Cicero
1401 2038 1439 2071 in

124 2085 273 2118 exilium
291 2084 466 2129 profectus
482 2088 545 2118 est.
594 2084 758 2127 Namque
781 2084 830 2116 ita
855 2084 899 2116 de
924 2094 988 2116 suo
1014 2084 1075 2116 illo
1099 2083 1224 2116 itinere
1241 2083 1362 2117 scribit
1378 2083 1439 2117 Ci-

124 2141 206 2165 cero
228 2143 294 2177 pro
320 2131 441 2164 Ploenc.
468 2140 528 2164 xl..
577 2133 598 2147 “
624 2131 781 2164 Siciliam
797 2130 907 2173 petivi
923 2129 1053 2171 animo,
1071 2140 1152 2173 quae
1177 2132 1197 2146 ‘⁴
1216 2130 1346 2172 etipsa
1362 2133 1439 2163 erat

123 2179 145 2194 “
169 2177 267 2220 mihi,
285 2177 378 2212 sicut
393 2178 520 2210 domus
537 2187 618 2218 una,
635 2177 844 2210 coniuncta:
872 2179 908 2209 et
924 2176 1151 2209 obtinebatur
1168 2186 1189 2209 a
1205 2175 1245 2209 C.
1263 2175 1434 2219 Virgilio:

122 2223 145 2240 “
170 2234 324 2268 quocum
348 2234 406 2257 me
431 2234 505 2256 uno
528 2223 585 2256 vel
608 2223 763 2255 maxime
789 2232 872 2256 cum
895 2225 1037 2256 vetusta
1061 2221 1228 2261 amicitia,
1259 2224 1338 2255 tum
1365 2221 1437 2255 mei

123 2272 145 2287 ⁴⁶
170 2269 304 2304 Fratris
319 2270 479 2314 collegia,
496 2272 573 2303 tum
589 2269 788 2313 respublica
803 2269 984 2302 sociarat.”
1019 2267 1114 2302 Vide
1131 2267 1239 2302 etiam
1256 2267 1434 2302 Plutarch.

121 2316 158 2350 in
175 2315 343 2351 Cicerone.

169 2367 183 2383 ‘²
208 2364 297 2397 Cod.
322 2363 535 2409 repetundiis.

166 2408 182 2430 d
208 2409 296 2444 cod.
320 2415 563 2450 accusaverant,
587 2408 646 2442 secl
666 2414 704 2442 ut
726 2407 856 2447 scimus,
882 2410 950 2442 ete.
987 2408 1112 2442 Cicero
1128 2408 1187 2442 lib.
1206 2417 1245 2442 11.
1269 2409 1307 2442 in
1331 2408 1435 2442 Verr.

121 2466 198 2500 cap.
223 2465 275 2490 111.
301 2457 367 2490 ait:
403 2457 439 2489 in
464 2456 642 2489 neminem
669 2455 839 2488 Civitates
857 2456 994 2488 Siculas
1011 2459 1093 2488 ante
1109 2454 1260 2488 Verrem
1277 2455 1436 2488 testimo-

120 2502 220 2535 nium
243 2502 384 2546 publice
407 2502 548 2536 dixisse.
598 2501 704 2542 Quod
728 2501 777 2534 ibi
803 2502 986 2534 confirmat
1014 2501 1190 2535 Asconius
1215 2501 1372 2534 scribens
1396 2502 1434 2534 in

122 2548 405 2583 Commentario:
445 2550 465 2565 “
485 2548 617 2582 Recte:
655 2547 738 2592 quia
771 2547 930 2590 Lepidus
960 2548 1098 2590 legibus
1123 2550 1265 2580 tantum
1286 2547 1434 2581 interro-

123 2594 145 2611 “
169 2598 284 2638 gatus,
299 2595 453 2628 necdum
471 2595 578 2628 etiam
594 2595 753 2638 coeperat
770 2593 960 2626 accusari.''
993 2594 1132 2627 Verum
1148 2594 1266 2627 Causa
1281 2593 1433 2627 Verrina

123 2643 204 2674 acta
219 2644 272 2674 est
287 2652 379 2674 anno
396 2642 466 2675 fere
483 2641 622 2674 decimo
640 2643 722 2674 ante
739 2639 830 2673 hanc
856 2639 1078 2674 Clodianam.
1136 2640 1234 2684 Ergo
1250 2642 1291 2673 ut
1306 2640 1432 2674 Cicero

123 2689 161 2719 et
175 2685 350 2720 Asconius
365 2686 424 2721 hio
440 2687 507 2721 sibi
522 2690 671 2731 uterque
687 2689 862 2728 constent,
880 2686 1005 2720 dicunt
1029 2686 1184 2721 Siciliam
1209 2685 1377 2731 loquacem
1394 2690 1431 2720 et

121 2733 355 2767 neeman-icem
368 2732 548 2768 multorum
563 2736 643 2778 post
659 2733 813 2767 Causam
828 2732 1026 2768 Verrinam.
1053 2771 1058 2776 ,

167 2781 182 2822 f
205 2778 294 2814 Cod.
316 2779 454 2814 videtur
468 2780 597 2814 habere
614 2780 660 2814 ad
673 2780 772 2814 diem.

757 2842 783 2872 C
