1918 3254
646 279 749 314 PRO
773 277 956 315 sYLLA.
1395 277 1459 322 75

214 374 408 439 Magna
445 391 563 423 curn
602 375 762 438 gloria
799 375 1028 423 subdidit
1063 373 1460 432 consensionem,

151 458 461 522 amplectens
500 457 761 521 municipii
800 457 877 504 sui
918 457 1179 521 Arpinatis
1214 456 1464 521 egregiam

147 540 478 598 nobilitatem,
515 540 650 587 unde
686 545 735 587 et
767 539 842 586 .C.
881 539 1079 587 Marius
1109 539 1328 587 extiterit
1361 538 1465 586 bel-

148 623 314 671 lorum
332 622 665 671 maximorum
685 621 1058 670 strenuissimus
1076 622 1251 679 victor,
1279 627 1328 669 et
1343 621 1466 686 Ipse

152 706 299 754 cuius
338 705 635 753 consulatus
676 705 776 752 and
811 703 1194 768 opprimendam
1236 704 1466 752 Catilinae

151 788 546 837 coniurationem
570 786 804 834 salutaris
827 785 1083 833 inluxerit.

218 869 383 918 NEMO
408 886 560 917 rs'ruc
586 868 677 916 .M.
705 867 914 916 CATONI
942 883 1081 925 sem,
1121 883 1270 915 NEMO
1305 866 1469 914 TIBE-

155 967 248 1000 Rro
271 951 643 1008 CORUNCANIO,
682 967 834 998 NEMO
860 950 1078 998 MAR10⁶
1105 951 1294 999 CURlo.

223 1033 315 1082 .M.
334 1033 462 1081 Cato
497 1033 583 1080 ille
617 1033 890 1080 Censorius
906 1040 955 1080 et
972 1033 1085 1080 Tib.
1104 1031 1473 1081 Coruncaniusf

153 1117 352 1165 fuerunt
374 1134 401 1164 e
424 1114 700 1178 municipio
725 1115 1038 1162 Tusculano.
1075 1115 1281 1163 Manius
1320 1131 1470 1179 porro

158 1198 343 1247 Curius
368 1198 455 1261 qui
480 1198 542 1245 de
568 1196 878 1245 Samnitibus
903 1196 1246 1261 triumphavit,
1271 1198 1472 1247 Sabinis

158 1280 404 1329 oriundus
442 1279 654 1336 videtur,
705 1279 791 1327 ubi
832 1280 979 1327 etiam
1021 1281 1190 1329 foculo
1232 1282 1473 1330 adsidens

159 1379 338 1412 aurum
369 1362 509 1426 quod
543 1362 638 1409 sibi
662 1362 830 1410 hostes
855 1363 1149 1425 optulerunt
1171 1365 1472 1429 repudiavit,

161 1446 419 1494 confessus
454 1451 627 1492 votum
664 1444 759 1492 sibi
790 1461 900 1492 esse
931 1446 1259 1510 praecipuum,
1296 1463 1394 1495 non
1418 1451 1477 1495 ut

160 1528 269 1591 ipse
293 1528 476 1591 opibus
501 1527 759 1583 adflueret,
797 1528 886 1575 sed
921 1534 977 1575 ut
1012 1529 1300 1592 pecuniosis
1325 1529 1479 1578 hosti-

159 1609 257 1658 bus
275 1610 574 1672 imperaret.g

230 1692 340 1741 EST
366 1708 506 1740 ENIM
533 1708 792 1740 MATERNO
817 1709 1033 1741 GENERE
1068 1710 1444 1744 MUNICIPALIS.

233 1777 375 1831 Quos
400 1775 450 1823 in
473 1782 631 1823 totum
657 1776 916 1823 destruere
939 1793 1038 1824 non
1059 1777 1234 1841 potuit,
1256 1795 1318 1826 ex
1339 1786 1480 1842 parte

168 1858 428 1905 destruxit.
468 1857 600 1906 Nam
626 1859 822 1907 familiae
847 1859 1051 1907 Manliae
1074 1861 1255 1909 veteris
1284 1861 1484 1923 egregia

168 1940 406 1988 nobilitas
424 1940 684 1998 eminebat,
712 1942 801 1989 sed
816 1948 1095 1990 maternum
1117 1960 1274 2006 genus
1289 1943 1484 1991 humili-

171 2021 309 2071 tareh
330 2032 541 2072 conatus
565 2031 658 2072 est.
689 2024 849 2077 Quasi
865 2041 964 2073 non
983 2025 1047 2072 sit
1064 2025 1134 2072 illi
1155 2027 1219 2074 ad
1243 2026 1483 2088 originem

172 2105 389 2170 parentis
413 2106 676 2170 utriusque
700 2106 916 2169 dignitas
941 2108 1205 2156 vetustatis
1229 2108 1452 2171 aequalis.

222 2268 235 2284 ε
252 2264 311 2298 Sic
326 2263 416 2297 Cod.
433 2263 564 2298 Mario.
590 2264 639 2298 At
652 2264 796 2298 inferius
812 2265 964 2307 Manius,
990 2266 1086 2310 quod
1098 2277 1220 2300 verum
1239 2267 1336 2301 Curii
1353 2277 1488 2310 praeno-

175 2321 259 2345 men
275 2310 328 2344 bis
345 2314 492 2354 usurpat
507 2311 718 2344 Plutarchus
740 2311 776 2344 in
804 2311 956 2357 Pyrrh,
980 2317 1015 2346 et
1042 2313 1170 2346 diserte
1194 2318 1354 2346 asserunt
1376 2313 1490 2347 Inter-

177 2361 295 2402 pretes
321 2357 457 2390 Aurelii
480 2357 636 2390 Victoris
665 2357 710 2391 ad
739 2358 857 2402 Caput
885 2368 1019 2392 xxxm.
1036 2359 1075 2393 de
1101 2359 1194 2393 Viris
1212 2359 1333 2393 illustr.
1381 2360 1489 2393 Porro

176 2404 245 2438 hoc
261 2404 359 2437 Curii
377 2403 526 2437 Dentati
541 2414 745 2447 praenomen
761 2415 833 2437 non
849 2405 885 2437 in
902 2409 1024 2438 nostro
1039 2409 1178 2439 tantum
1197 2406 1341 2447 Codice,
1368 2406 1429 2440 sed
1453 2406 1490 2439 in

179 2449 255 2484 aliis
268 2450 388 2483 multis
403 2450 577 2484 Veterum
591 2450 728 2494 scriptis
740 2454 801 2483 aut
818 2455 1021 2496 corruptum
1045 2455 1107 2486 aut
1127 2453 1263 2486 varium
1285 2457 1349 2486 est.
1397 2452 1490 2486 Vide

180 2497 226 2530 ad
239 2497 375 2530 Aurelii
391 2496 546 2530 Victoris
562 2496 679 2530 locum
693 2497 851 2530 citatum.

227 2540 240 2562 f
253 2543 342 2576 Cod.
355 2542 392 2576 T
388 2542 434 2576 eb.
452 2542 691 2576 Conzmcanizae.
717 2543 787 2576 Sed
807 2543 976 2577 mendum
1003 2544 1187 2587 corrigitur
1214 2555 1233 2577 a
1258 2549 1361 2578 textu
1389 2555 1492 2589 supe-

180 2588 281 2623 riore.
330 2589 476 2622 Catonis
492 2593 612 2623 autem
628 2589 786 2623 Censorii
803 2594 839 2623 et
853 2590 907 2623 Ti.
925 2590 1140 2624 Coruncanii
1162 2602 1217 2624 res
1233 2597 1343 2635 gestae
1360 2592 1492 2635 passim

182 2635 404 2668 celebrantur
419 2636 513 2680 apud
530 2646 684 2669 romanae
700 2635 853 2670 historiae
874 2637 1079 2680 Scriptores.

231 2685 247 2707 ⁸
264 2681 367 2715 Idem
383 2682 427 2714 de
444 2682 552 2715 Curio
568 2686 711 2716 narrant
721 2682 847 2716 Cicero
859 2683 897 2715 de
911 2682 1039 2717 Senect.
1053 2693 1119 2718 XVI
1131 2683 1297 2717 Valerius
1307 2683 1495 2717 Maximus

186 2725 266 2760 Lib.
284 2736 334 2761 ιν.
350 2728 437 2771 Cap.
451 2738 503 2762 111.
519 2732 552 2763 5.
569 2729 736 2763 Aurelius
752 2729 877 2762 Victor
894 2729 932 2762 de
952 2730 1046 2763 Viris
1059 2729 1181 2764 illustr.
1195 2730 1282 2774 Cap.
1300 2739 1438 2763 xxxin.

232 2770 248 2792 ¹¹
265 2773 362 2806 Nota
376 2784 507 2807 novum
522 2776 670 2810 verbum
685 2775 887 2812 humilitare.
935 2775 1103 2823 [Librarii
1118 2781 1259 2812 tantum
1284 2777 1404 2823 lapsus
1431 2777 1494 2810 est.

186 2818 297 2863 Lege,
321 2819 528 2866 humiliare]

1519 1709 1607 1744 Edit

1519 1757 1565 1791 N.
1577 1759 1635 1790 25.
1660 1796 1669 1799 μ
