1918 3254
559 308 661 344 PRO
691 308 926 344 PLANCIO.
1342 309 1405 352 97

101 408 360 458 auctiones
378 406 572 456 reiectae
593 409 740 456 sunt?
798 408 992 456 Scimus
1015 407 1146 455 enim
1169 406 1408 472 praeconi-

97 491 192 539 bus
218 490 470 539 auctiones
493 491 679 539 fructui
702 507 825 548 esse,
853 491 987 553 quod
1022 505 1111 554 per
1132 506 1217 537 eos
1241 488 1406 537 omnia

96 571 466 633 distrahantur3
500 573 589 621 illo
615 579 779 621 autem
803 571 993 620 iustitio
1013 588 1104 619 nec
1124 572 1245 636 ipsae
1264 578 1404 636 pote-

94 660 209 702 rant
225 656 458 704 exerceri.
506 655 644 703 Huic
663 655 743 704 .P.
761 654 982 718 Scipioni
1000 672 1026 701 e
1042 654 1286 702 contrario
1305 670 1404 701 non

92 735 197 784 sine
211 754 380 786 morsu
398 738 657 795 stomachi,
669 737 990 802 respondisse
1000 736 1243 784 Granium
1254 736 1400 784 dicit:

91 816 243 867 immo
267 820 382 868 ideo
405 820 558 867 tristis
583 837 709 877 sum,
737 820 872 884 quod
897 819 1179 882 legationise
1207 818 1402 865 reiectae

94 899 207 948 sint.
276 900 451 948 Voluit
486 908 653 949 autem
686 903 932 965 pudorem
956 901 1157 948 Nasicae
1182 900 1402 949 consulis

91 982 424 1046 perstringere
448 982 544 1029 hoc
565 983 874 1030 amarissimo
900 983 1049 1030 dicto.
1121 982 1254 1029 Nam
1273 982 1404 1045 lega-

87 1063 250 1111 tiones
268 1063 331 1110 ab
350 1063 567 1111 externis
585 1064 790 1128 populis
806 1065 968 1111 missae
994 1065 1059 1111 ad
1079 1071 1308 1112 senatum
1329 1081 1405 1112 so-

88 1145 258 1194 lebant
290 1145 505 1193 ordinari
535 1162 628 1210 pro
650 1145 904 1194 voluntate
929 1145 1238 1194 Consulum:
1274 1162 1402 1209 quas

89 1227 390 1291 plerumque
413 1227 585 1290 gratia,
610 1244 984 1291 nonnumquam
1009 1235 1059 1276 et
1086 1233 1298 1293 accepta
1319 1245 1404 1292 pe-

90 1309 238 1357 cunia
263 1310 513 1358 Consules
538 1310 850 1368 ordinabant,
876 1317 932 1359 ut
961 1311 1217 1360 introduci
1240 1312 1307 1359 ad
1330 1326 1405 1359 se-

86 1398 261 1442 natum
285 1399 507 1456 possent.

155 1473 298 1523 IDEM
334 1475 591 1524 TRIBUNO
630 1491 818 1524 PLEBIS
858 1491 1257 1525 POTENTISSIMO
1305 1475 1396 1524 .M.

92 1555 299 1606 DRUSO.

153 1638 224 1687 Et
241 1639 349 1687 haec
375 1640 620 1688 dicacitas
646 1640 892 1704 praeconis
923 1639 1066 1687 istius
1100 1656 1199 1687 non
1232 1640 1399 1688 minus

91 1721 389 1770 urbanitatis
412 1722 646 1771 habuisse
676 1723 873 1771 videtur
908 1739 1062 1786 quam
1099 1723 1399 1786 asperitatis,

89 1802 223 1852 Nam
248 1804 337 1852 .M.
365 1804 589 1853 Licinius
617 1805 817 1853 Drusus
843 1822 960 1852 cum
981 1805 1141 1852 multa
1164 1805 1400 1853 seditiose

87 1886 138 1934 in
162 1886 420 1934 tribunatu
445 1905 537 1935 suo
563 1893 738 1935 contra
771 1904 924 1950 quam
958 1893 1092 1934 esset
1113 1887 1237 1950 reip.
1275 1887 1398 1936 utile

85 1969 356 2025 moliretur,
400 1969 747 2017 adventantem
786 1969 1027 2017 Granium
1067 1969 1139 2017 sic
1182 1970 1399 2033 compel-

84 2050 231 2099 lavit:
270 2050 425 2098 Grani
443 2050 564 2113 quid
581 2050 717 2113 agis?
786 2051 872 2098 Ad
892 2051 988 2097 hoc
1008 2050 1090 2097 ille
1114 2051 1272 2098 isdem
1292 2068 1398 2099 ver-

86 2132 167 2180 bis
191 2133 280 2180 sed
310 2149 427 2180 cum
449 2149 629 2196 magna
646 2132 909 2197 asperitate
933 2133 1220 2196 respondit:
1244 2133 1396 2182 immo

86 2221 145 2262 tu
168 2214 339 2263 Druse
363 2214 482 2278 quid
508 2215 647 2277 agis?
682 2215 776 2263 hoc
800 2221 890 2272 est,
928 2232 1036 2278 quae
1061 2221 1111 2263 et
1132 2233 1282 2280 quam
1314 2234 1395 2280 pe-

88 2298 309 2347 riculosa
332 2304 382 2345 et
402 2314 547 2360 quam
574 2298 745 2362 patriae
768 2298 1040 2345 metuenda
1064 2299 1259 2346 conaris
1275 2297 1317 2346 ?f

155 2379 315 2428 NUNC
335 2396 500 2430 USQUE
521 2396 585 2428 Eo
607 2397 700 2428 EST
719 2396 983 2429 OPPRESSA
1004 2396 1209 2429 NOSTRA
1236 2397 1394 2431 Λυκο-

89 2477 296 2510 GANTIA
333 2479 564 2511 ClvrrAS.

133 2608 146 2624 θ
170 2605 369 2651 legationis
382 2618 444 2650 pro
461 2606 643 2652 legationes
660 2617 757 2640 more
784 2607 941 2651 antiquo,
966 2608 1062 2652 quod
1079 2612 1114 2641 ct
1131 2607 1213 2640 alibi
1236 2608 1280 2641 dc
1298 2607 1393 2641 simi-

85 2651 178 2685 libus
191 2653 498 2686 terminationibus
514 2654 645 2687 notavi.

137 2695 148 2716 f
169 2697 226 2730 De
242 2698 348 2732 Drusi
358 2699 557 2733 Tribunatu
572 2700 652 2734 vide
670 2699 714 2732 ad
728 2700 826 2734 Orat.
836 2711 902 2746 pro
915 2699 1046 2733 Archia
1059 2710 1091 2743 p.
1102 2702 1157 2734 57.
1172 2710 1206 2734 11.
1222 2703 1256 2734 4.
1279 2699 1392 2733 Inter-

88 2745 226 2786 pretem
242 2748 411 2786 nostium,
427 2756 489 2779 seu
503 2747 618 2790 potius
634 2745 829 2780 Asconium
847 2758 867 2779 a
882 2747 983 2779 nobis
999 2757 1041 2779 eo
1055 2746 1090 2779 in
1102 2746 1179 2779 loco
1193 2746 1391 2780 suffectum.

85 2789 183 2840 Tum
199 2789 405 2825 Ciceronem
415 2792 454 2826 cle
472 2792 570 2827 Orat.
583 2796 599 2827 l
619 2803 696 2837 cap.
712 2792 769 2826 vii.
820 2792 867 2826 Et
881 2792 1022 2837 quidem
1040 2803 1093 2826 res
1111 2797 1162 2826 est
1180 2793 1274 2836 apud
1286 2793 1391 2827 histo-

86 2845 176 2870 neos
192 2836 387 2873 notissima.

725 2900 756 2930 H
