1918 3254
573 300 673 335 PRO
711 298 948 336 PLANCIO.
1358 300 1423 343 95

120 398 212 465 qui
230 397 514 449 Candidato
538 398 654 463 plus
678 396 1001 462 inpedimenti
1025 412 1088 444 ex
1108 412 1323 460 persona
1340 411 1425 459 pa-

123 482 214 530 tris
237 498 346 530 esse
377 480 611 530 debuisse
646 464 1033 544 dixeritsquam
1071 480 1253 528 favoris
1283 478 1427 543 privi-

118 555 276 626 legiof
308 570 512 612 naturae.
597 563 752 619 Quod
791 570 955 610 autem
993 563 1056 610 de
1100 571 1244 627 patre
1286 561 1423 617 dicit,

118 644 248 693 illud
296 652 401 694 est:
452 663 564 694 cum
599 646 831 710 princeps
870 652 1003 692 esset
1043 645 1427 708 publicanorum

119 727 237 775 .Gn.
264 727 444 776 Planci
467 735 623 793 pater,
661 735 708 775 et
740 727 967 776 Societas
1000 728 1175 775 eadem
1207 726 1259 774 in
1291 743 1428 774 exer-

117 810 291 858 cendis
316 811 640 874 vectigalibus
659 811 945 874 gravissimo
964 811 1147 858 damno
1167 809 1422 857 videretur

117 894 329 950 adfecta,
353 894 690 942 desideratum
711 900 790 941 est
812 893 863 941 in
885 901 1061 942 senatu
1083 892 1282 941 nomine
1303 880 1428 957 pub-

114 975 401 1031 licanorum,
427 982 485 1022 ut
505 992 615 1022 cum
639 975 698 1023 iis
722 976 848 1024 ratio
871 983 1132 1040 putaretur
1160 976 1269 1039 lege
1293 975 1429 1023 Sem-

115 1056 305 1121 pronia,
320 1063 337 1087 g
361 1064 412 1104 et
434 1056 738 1105 remissionis
762 1065 954 1105 tantum
986 1061 1126 1106 fieret
1149 1059 1211 1105 de
1235 1075 1429 1106 summa

116 1139 344 1204 pecunia,
361 1138 380 1162 ¹¹
423 1146 672 1204 quantum
722 1140 934 1204 aequitas
989 1140 1284 1204 postularet,
1337 1157 1427 1203 pro

117 1222 398 1286 quantitate
421 1223 723 1270 damnorum
744 1222 926 1286 quibus
949 1223 1143 1270 fuerant
1166 1223 1336 1270 hostili
1360 1223 1430 1270 in-

115 1305 348 1352 cursione
384 1303 591 1352 vexatis
658 1305 841 1353 Adfuit
872 1305 1025 1367 igitur
1058 1304 1226 1352 Caesar
1261 1321 1426 1353 causae

115 1385 516 1449 publicanorum.
589 1386 801 1435 Caesaris
836 1387 1093 1435 desideriis
1118 1387 1428 1435 contradixit

115 1485 208 1532 pro
224 1469 390 1531 vigore
407 1469 604 1517 duritiae
622 1486 726 1517 suae
753 1469 844 1518 .M.
868 1468 1011 1526 Cato,
1037 1476 1086 1517 et
1110 1470 1242 1518 diem
1265 1478 1423 1518 totum

115 1550 404 1614 prolixitate
427 1552 662 1600 orationis
687 1569 786 1599 suae
816 1551 1101 1615 occupavit,
1132 1559 1188 1599 ut
1220 1560 1425 1600 senatus

115 1633 417 1681 decernendi
441 1634 660 1697 spatium
683 1652 784 1683 non
816 1633 1065 1682 haberet.¹‘
1134 1634 1202 1682 Et
1220 1635 1275 1682 id
1308 1643 1424 1682 tem-

114 1731 212 1779 pus
259 1732 379 1780 ergo
416 1715 704 1765 Laterensis
753 1717 1079 1764 denotaverat
1126 1716 1424 1765 invidiosum

162 1855 175 1876 f
196 1858 323 1891 Codex
334 1870 401 1904 pro
416 1859 522 1905 regio.

130 1914 135 1917 ’
159 1908 177 1931 8
191 1903 321 1937 Utrum
335 1906 552 1956 intelligatur
564 1904 693 1940 hiclex
710 1904 918 1949 Sempronia
929 1905 970 1938 de
980 1917 1047 1939 oere
1062 1904 1180 1945 alieno,
1194 1916 1239 1939 an
1251 1905 1369 1949 potius
1385 1906 1425 1939 (Ie

103 1949 255 1996 faenore,
276 1961 322 1984 an
343 1962 498 1996 agr-arm,
521 1962 566 1984 an
589 1953 657 1985 alia
679 1964 725 1986 ex
748 1957 799 1985 tot
815 1953 1028 1996 Semproniis
1045 1953 1193 1996 legibuS,
1212 1952 1248 1985 id
1264 1952 1423 1985 Eruditis

115 1996 383 2040 disquirendum
407 1997 653 2041 permittimus.
702 1998 748 2031 V.
773 2003 893 2031 tamen
921 1998 1066 2032 inferius
1079 1980 1140 2032 ¹”ad
1166 1999 1212 2032 N.
1235 2002 1293 2033 35.
1318 1999 1422 2032 huius

118 2043 310 2077 Orationis.

160 2087 175 2108 ¹¹
201 2089 326 2122 Codex
337 2089 489 2135 pecunia.
503 2089 565 2122 sed
581 2090 705 2126 scribe
722 2101 751 2123 si
763 2090 1055 2136 maus,peem1iae.

156 2136 400 2169 ¹Praesenim
420 2137 457 2169 in
478 2137 572 2169 bello
594 2137 826 2170 Mitridatico.
873 2138 982 2170 Hanc
1007 2140 1127 2171 autem
1145 2137 1421 2171 Publicanomm

112 2182 333 2226 petitionem,
351 2183 635 2216 cuicontradixit
652 2183 752 2225 Cato,
768 2183 872 2217 refert
888 2184 996 2217 etiam
1013 2184 1095 2225 Dio,
1110 2184 1189 2217 Lib.
1208 2193 1371 2218 xxxvnl.
1388 2187 1419 2222 7

159 2234 176 2257 k
200 2236 348 2271 Catonis
372 2237 580 2271 Orationem
599 2232 803 2279 ἡμερησίαν
827 2241 1000 2272 memorat
1023 2238 1265 2272 Plutarchus·
1255 2249 1293 2271 m
1318 2238 1420 2282 Reip-

113 2303 185 2336 ger·
202 2293 360 2354 Praecep.
377 2293 476 2327 Edit.
491 2291 681 2337 X>1andri‚
697 2292 739 2325 T.
759 2301 795 2326 n.
812 2303 847 2336 p.
871 2296 949 2328 804.
997 2286 1082 2323 Ka.-
1084 2302 1134 2323 ων
1164 2287 1245 2335 περὶ
1275 2283 1326 2322 ὦν
1357 2288 1419 2322 οὐκ

113 2340 243 2384 ἤλπιζε
273 2356 332 2377 πει
328 2344 425 2385 ”,σειι
463 2344 511 2377 τῶ
546 2341 847 2407 προκατέχεσθαι
872 2344 1001 2394 χάρισι
1039 2341 1097 2376 καὶ
1138 2337 1319 2380 σπουέαἶς
1357 2339 1420 2375 τὶν

113 2392 272 2441 ὃῆμον“
252 2410 274 2437 η
293 2397 366 2439 -ην
384 2379 541 2440 βονλὴι,
560 2395 693 2440 ἔλεγε
684 2408 751 2437 ‘m
779 2394 921 2443 ηιιὲραν
946 2394 1037 2439 ὅλην
1062 2394 1242 2436 ἀναστὰς,
1274 2394 1333 2428 καὶ
1356 2408 1420 2429 τον

114 2446 240 2496 καιρὸν
263 2448 376 2489 οὕτως
410 2448 444 2483 ἐ
429 2450 591 2498 ζὲκροιεῑ
634 2452 736 2494 Cato,
753 2464 898 2497 quum
879 2454 1045 2486 ‹rratiaac
1056 2452 1420 2496 studiispraeoccupa-

112 2500 185 2532 ‘’to
201 2500 332 2543 populo
348 2502 410 2533 aut
425 2504 562 2539 senatu,
581 2509 724 2532 causam
741 2510 778 2532 se
794 2510 896 2542 posse
913 2500 1070 2533 obtinere
1084 2500 1295 2542 desperaret,
1308 2503 1419 2531 totam

112 2545 135 2562 ‘⁴
151 2545 247 2579 diem
264 2546 415 2580 dicendo
434 2547 564 2590 exegit,
590 2553 697 2589 atque
721 2546 769 2579 ita
792 2547 996 2580 adversariis
1018 2547 1067 2579 rei
1088 2545 1254 2589 gerendae
1280 2549 1420 2589 tempus

113 2592 136 2608 “
153 2591 313 2635 eripuit.”

160 2638 324 2672 Valerius
346 2638 544 2676 BIaximus,
571 2638 650 2672 Lib.
668 2648 705 2671 Η.
721 2648 798 2682 cap.
817 2648 853 2672 Χ.
870 2642 901 2672 7.
919 2639 988 2672 ait:
1013 2639 1034 2656 “
1052 2638 1106 2672 Μ.
1123 2637 1288 2670 Porcium
1313 2637 1419 2669 Cato-

113 2684 136 2701 “
155 2694 236 2718 nem
251 2685 436 2718 admiratio
453 2686 549 2719 sortis
573 2688 608 2718 et
628 2685 774 2718 sincerae
791 2685 874 2718 vitae
900 2685 990 2719 adeo
1015 2684 1258 2718 admirabilem
1280 2683 1420 2716 senatui

114 2730 248 2771 “Tecit,
264 2734 306 2764 ut
326 2741 420 2771 cum,
436 2732 546 2765 insito
564 2731 604 2765 C.
624 2731 764 2764 Caesare
781 2732 936 2771 consule,
961 2732 1127 2764 adversus
1142 2730 1350 2774 publicanos
1367 2729 1420 2761 ‹li-

112 2778 134 2794 ‘·
151 2777 265 2810 cendo
280 2776 318 2810 iu
333 2777 441 2811 Curia
463 2778 557 2811 diem
574 2777 785 2819 extraheret,
809 2782 845 2810 et
860 2778 905 2811 ob
929 2778 965 2811 id
990 2778 1066 2811 eius
1081 2777 1179 2810 iussu
1196 2787 1217 2810 a
1240 2776 1362 2809 lictore
1380 2775 1417 2807 in

110 2824 137 2840 “
151 2833 328 2856 carcerem
353 2823 551 2865 duceretur,
567 2823 658 2857 ete.''
704 2824 754 2857 At
777 2828 897 2858 noster
912 2823 1090 2868 Interprcs
1114 2825 1232 2856 narrat
1251 2821 1418 2855 distincte

111 2870 377 2903 altercationem
394 2870 539 2904 Catonis
555 2881 636 2903 eum
654 2870 796 2904 Caesare
809 2875 891 2904 autc
909 2870 1011 2903 huius
1021 2869 1242 2905 consulatum
1259 2869 1296 2901 in
1311 2877 1417 2899 eausa

112 2915 400 2960 Publicanorum,
417 2919 492 2950 tum
514 2916 620 2961 paulo
636 2916 780 2951 inferius
794 2916 943 2950 Caesan's
959 2917 1139 2950 victoriam
1157 2916 1191 2949 in
1209 2914 1416 2948 Cmisulatu.
