<?xml version="1.0" encoding="UTF-8"?>
<!DOCTYPE html PUBLIC "-//W3C//DTD XHTML 1.0 Transitional//EN"
    "http://www.w3.org/TR/xhtml1/DTD/xhtml1-transitional.dtd">
<html xmlns="http://www.w3.org/1999/xhtml" xml:lang="en" lang="en">
 <head>
  <title>
</title>
<meta http-equiv="Content-Type" content="text/html;charset=utf-8" />
  <meta name='ocr-system' content='tesseract 3.04.00' />
  <meta name='ocr-capabilities' content='ocr_page ocr_carea ocr_par ocr_line ocrx_word'/>
</head>
<body>
  <div class='ocr_page' id='page_1' title='image "./sexorationumfrag00ciceuoft_0247.png"; bbox 0 0 1918 3254; ppageno 0'>
   <div class='ocr_carea' id='block_1_1' title="bbox 692 441 931 492">
    <p class='ocr_par' dir='ltr' id='par_1_1' title="bbox 692 441 931 492">
     <span class='ocr_line' id='line_1_1' title="bbox 692 441 931 492; baseline 0 -1"><span class='ocrx_word' id='word_1_1' title='bbox 692 441 931 492; x_wconf 92' lang='lat' dir='ltr'><strong>INDEX</strong></span> 
     </span>
    </p>
   </div>
   <div class='ocr_carea' id='block_1_2' title="bbox 282 550 1348 591">
    <p class='ocr_par' dir='ltr' id='par_1_2' title="bbox 282 550 1348 591">
     <span class='ocr_line' id='line_1_2' title="bbox 282 550 1348 591; baseline 0 -1"><span class='ocrx_word' id='word_1_2' title='bbox 282 553 584 591; x_wconf 84' lang='lat' dir='ltr'>VERBORUM</span> <span class='ocrx_word' id='word_1_3' title='bbox 615 553 684 591; x_wconf 88' lang='lat' dir='ltr'><strong>ET</strong></span> <span class='ocrx_word' id='word_1_4' title='bbox 712 552 897 591; x_wconf 85' lang='lat' dir='ltr'><strong>RERUM</strong></span> <span class='ocrx_word' id='word_1_5' title='bbox 927 550 1348 591; x_wconf 80' lang='lat' dir='ltr'><strong>NOTABILIORUM</strong></span> 
     </span>
    </p>
   </div>
   <div class='ocr_carea' id='block_1_3' title="bbox 458 646 1161 768">
    <p class='ocr_par' dir='ltr' id='par_1_3' title="bbox 458 646 1161 768">
     <span class='ocr_line' id='line_1_3' title="bbox 458 646 1161 682; baseline -0.001 0"><span class='ocrx_word' id='word_1_6' title='bbox 458 648 513 682; x_wconf 83' lang='lat' dir='ltr'><strong>IN</strong></span> <span class='ocrx_word' id='word_1_7' title='bbox 538 646 866 682; x_wconf 84' lang='lat' dir='ltr'><strong>FRAGMENTIS</strong></span> <span class='ocrx_word' id='word_1_8' title='bbox 891 646 1161 682; x_wconf 90' lang='lat' dir='ltr'>CICERONIS</span> 
     </span>
     <span class='ocr_line' id='line_1_4' title="bbox 540 736 1006 768; baseline 0 -2"><span class='ocrx_word' id='word_1_9' title='bbox 540 737 594 766; x_wconf 79' lang='lat' dir='ltr'><strong>ET</strong></span> <span class='ocrx_word' id='word_1_10' title='bbox 614 738 662 766; x_wconf 82' lang='lat' dir='ltr'><strong>IN</strong></span> <span class='ocrx_word' id='word_1_11' title='bbox 683 736 1006 768; x_wconf 77' lang='lat' dir='ltr'>COMMENTARIO.</span> 
     </span>
    </p>
   </div>
   <div class='ocr_carea' id='block_1_4' title="bbox 168 879 1471 2752">
    <p class='ocr_par' dir='ltr' id='par_1_4' title="bbox 168 879 1468 2013">
     <span class='ocr_line' id='line_1_5' title="bbox 752 879 877 899; baseline 0 -4"><span class='ocrx_word' id='word_1_12' title='bbox 752 879 877 899; x_wconf 51' lang='lat' dir='ltr'><strong>-Q—</strong></span> 
     </span>
     <span class='ocr_line' id='line_1_6' title="bbox 685 1007 1462 1035; baseline -0.004 0"><span class='ocrx_word' id='word_1_13' title='bbox 685 1009 780 1035; x_wconf 72' lang='lat' dir='ltr'><strong>PAGE</strong></span> <span class='ocrx_word' id='word_1_14' title='bbox 1366 1007 1462 1033; x_wconf 73' lang='lat' dir='ltr'>PAGE</span> 
     </span>
     <span class='ocr_line' id='line_1_7' title="bbox 168 1044 1464 1089; baseline -0.001 -9"><span class='ocrx_word' id='word_1_15' title='bbox 168 1045 353 1080; x_wconf 64' lang='lat' dir='ltr'><strong>Cumousss</strong></span> <span class='ocrx_word' id='word_1_16' title='bbox 381 1044 517 1078; x_wconf 87' lang='lat' dir='ltr'><strong>inlustri</strong></span> <span class='ocrx_word' id='word_1_17' title='bbox 548 1045 691 1078; x_wconf 88' lang='lat' dir='ltr'><strong>nomine</strong></span> <span class='ocrx_word' id='word_1_18' title='bbox 849 1046 990 1080; x_wconf 83' lang='lat' dir='ltr'>Sinnius</span> <span class='ocrx_word' id='word_1_19' title='bbox 1000 1045 1126 1089; x_wconf 85' lang='lat' dir='ltr'><strong>Capito</strong></span> <span class='ocrx_word' id='word_1_20' title='bbox 1150 1068 1365 1080; x_wconf 88' lang='grc'><strong>..........</strong></span> <span class='ocrx_word' id='word_1_21' title='bbox 1415 1047 1464 1079; x_wconf 87' lang='grc'><strong>33</strong></span> 
     </span>
     <span class='ocr_line' id='line_1_8' title="bbox 213 1091 1371 1126; baseline 0 -1"><span class='ocrx_word' id='word_1_22' title='bbox 213 1096 284 1126; x_wconf 77' lang='lat' dir='ltr'><strong>tres</strong></span> <span class='ocrx_word' id='word_1_23' title='bbox 309 1113 684 1125; x_wconf 89' lang='grc'><strong>.................</strong></span> <span class='ocrx_word' id='word_1_24' title='bbox 738 1095 783 1125; x_wconf 81' lang='grc'><strong>10</strong></span> <span class='ocrx_word' id='word_1_25' title='bbox 850 1092 1017 1125; x_wconf 81' lang='lat' dir='ltr'><strong>Calvinus</strong></span> <span class='ocrx_word' id='word_1_26' title='bbox 1033 1095 1069 1124; x_wconf 86' lang='lat' dir='ltr'><strong>et</strong></span> <span class='ocrx_word' id='word_1_27' title='bbox 1093 1091 1250 1125; x_wconf 85' lang='lat' dir='ltr'>Messala</span> <span class='ocrx_word' id='word_1_28' title='bbox 1271 1091 1371 1126; x_wconf 84' lang='lat' dir='ltr'><strong>Coss.</strong></span> 
     </span>
     <span class='ocr_line' id='line_1_9' title="bbox 168 1138 1465 1181; baseline 0.001 -10"><span class='ocrx_word' id='word_1_29' title='bbox 168 1138 260 1171; x_wconf 85' lang='lat' dir='ltr'><strong>Satis</strong></span> <span class='ocrx_word' id='word_1_30' title='bbox 275 1148 378 1181; x_wconf 83' lang='lat' dir='ltr'><strong>agere</strong></span> <span class='ocrx_word' id='word_1_31' title='bbox 401 1160 410 1169; x_wconf 90' lang='lat'>.</span> <span class='ocrx_word' id='word_1_32' title='bbox 424 1160 684 1171; x_wconf 88' lang='grc'><strong>............</strong></span> <span class='ocrx_word' id='word_1_33' title='bbox 739 1140 782 1171; x_wconf 88' lang='grc'><strong>14</strong></span> <span class='ocrx_word' id='word_1_34' title='bbox 892 1138 1068 1180; x_wconf 85' lang='lat' dir='ltr'>lapidibus</span> <span class='ocrx_word' id='word_1_35' title='bbox 1085 1138 1169 1171; x_wconf 83' lang='lat' dir='ltr'><strong>caesi</strong></span> <span class='ocrx_word' id='word_1_36' title='bbox 1197 1161 1367 1172; x_wconf 90' lang='grc'><strong>........</strong></span> <span class='ocrx_word' id='word_1_37' title='bbox 1417 1139 1465 1171; x_wconf 82' lang='grc'><strong>35</strong></span> 
     </span>
     <span class='ocr_line' id='line_1_10' title="bbox 168 1183 1465 1226; baseline 0 -8"><span class='ocrx_word' id='word_1_38' title='bbox 168 1184 325 1218; x_wconf 76' lang='lat' dir='ltr'>Pretium</span> <span class='ocrx_word' id='word_1_39' title='bbox 342 1183 573 1226; x_wconf 80' lang='lat' dir='ltr'><strong>corruptionis</strong></span> <span class='ocrx_word' id='word_1_40' title='bbox 594 1183 691 1217; x_wconf 88' lang='lat' dir='ltr'><strong>Iudi-</strong></span> <span class='ocrx_word' id='word_1_41' title='bbox 849 1183 914 1216; x_wconf 72' lang='lat' dir='ltr'><strong>Vir</strong></span> <span class='ocrx_word' id='word_1_42' title='bbox 933 1193 1061 1216; x_wconf 89' lang='lat' dir='ltr'><strong>usuum</strong></span> <span class='ocrx_word' id='word_1_43' title='bbox 1083 1205 1369 1217; x_wconf 87' lang='grc'><strong>.............</strong></span> <span class='ocrx_word' id='word_1_44' title='bbox 1419 1185 1465 1218; x_wconf 84' lang='grc'><strong>36</strong></span> 
     </span>
     <span class='ocr_line' id='line_1_11' title="bbox 214 1229 1374 1273; baseline -0.001 -10"><span class='ocrx_word' id='word_1_45' title='bbox 214 1241 297 1263; x_wconf 87' lang='lat' dir='ltr'><strong>cum</strong></span> <span class='ocrx_word' id='word_1_46' title='bbox 311 1229 572 1263; x_wconf 84' lang='lat' dir='ltr'><strong>Clodianorum.</strong></span> <span class='ocrx_word' id='word_1_47' title='bbox 850 1230 965 1263; x_wconf 86' lang='lat' dir='ltr'><strong>Clodii</strong></span> <span class='ocrx_word' id='word_1_48' title='bbox 985 1233 1022 1262; x_wconf 90' lang='lat' dir='ltr'><strong>et</strong></span> <span class='ocrx_word' id='word_1_49' title='bbox 1044 1229 1203 1273; x_wconf 86' lang='lat' dir='ltr'><strong>Pompeii</strong></span> <span class='ocrx_word' id='word_1_50' title='bbox 1218 1230 1374 1263; x_wconf 87' lang='lat' dir='ltr'><strong>reconci-</strong></span> 
     </span>
     <span class='ocr_line' id='line_1_12' title="bbox 168 1275 1008 1319; baseline -0.001 -10"><span class='ocrx_word' id='word_1_51' title='bbox 168 1276 345 1310; x_wconf 81' lang='lat' dir='ltr'><strong>Perversae</strong></span> <span class='ocrx_word' id='word_1_52' title='bbox 360 1275 520 1319; x_wconf 80' lang='lat' dir='ltr'><strong>pecuniae</strong></span> <span class='ocrx_word' id='word_1_53' title='bbox 539 1298 685 1309; x_wconf 84' lang='grc'><strong>.......</strong></span> <span class='ocrx_word' id='word_1_54' title='bbox 740 1277 783 1310; x_wconf 91' lang='grc'><strong>16</strong></span> <span class='ocrx_word' id='word_1_55' title='bbox 896 1276 1008 1309; x_wconf 89' lang='lat' dir='ltr'><strong>liatio.</strong></span> 
     </span>
     <span class='ocr_line' id='line_1_13' title="bbox 168 1322 1375 1367; baseline -0.001 -11"><span class='ocrx_word' id='word_1_56' title='bbox 168 1322 278 1367; x_wconf 86' lang='lat' dir='ltr'><strong>Apud</strong></span> <span class='ocrx_word' id='word_1_57' title='bbox 308 1322 468 1355; x_wconf 85' lang='lat' dir='ltr'><strong>aerarium</strong></span> <span class='ocrx_word' id='word_1_58' title='bbox 502 1324 692 1364; x_wconf 73' lang='lat' dir='ltr'><strong>quaestores</strong></span> <span class='ocrx_word' id='word_1_59' title='bbox 851 1322 1046 1355; x_wconf 80' lang='lat' dir='ltr'><strong>Criminum</strong></span> <span class='ocrx_word' id='word_1_60' title='bbox 1061 1322 1239 1355; x_wconf 89' lang='lat' dir='ltr'><strong>Ciceronis</strong></span> <span class='ocrx_word' id='word_1_61' title='bbox 1248 1322 1375 1365; x_wconf 82' lang='lat' dir='ltr'><strong>ellogia</strong></span> 
     </span>
     <span class='ocr_line' id='line_1_14' title="bbox 215 1367 1466 1412; baseline 0.001 -10"><span class='ocrx_word' id='word_1_62' title='bbox 215 1372 251 1402; x_wconf 84' lang='lat' dir='ltr'><strong>et</strong></span> <span class='ocrx_word' id='word_1_63' title='bbox 266 1369 388 1402; x_wconf 85' lang='lat' dir='ltr'><strong>scribae</strong></span> <span class='ocrx_word' id='word_1_64' title='bbox 403 1367 600 1412; x_wconf 79' lang='lat' dir='ltr'><strong>provincias</strong></span> <span class='ocrx_word' id='word_1_65' title='bbox 623 1378 693 1400; x_wconf 87' lang='lat' dir='ltr'><strong>sor-</strong></span> <span class='ocrx_word' id='word_1_66' title='bbox 895 1368 1095 1412; x_wconf 80' lang='lat' dir='ltr'><strong>perscripsit</strong></span> <span class='ocrx_word' id='word_1_67' title='bbox 1106 1367 1251 1401; x_wconf 87' lang='lat' dir='ltr'><strong>Clodius</strong></span> <span class='ocrx_word' id='word_1_68' title='bbox 1266 1391 1370 1402; x_wconf 87' lang='grc'><strong>.....</strong></span> <span class='ocrx_word' id='word_1_69' title='bbox 1419 1370 1466 1403; x_wconf 87' lang='grc'><strong>37</strong></span> 
     </span>
     <span class='ocr_line' id='line_1_15' title="bbox 213 1414 1375 1448; baseline -0.001 0"><span class='ocrx_word' id='word_1_70' title='bbox 213 1415 399 1448; x_wconf 80' lang='lat' dir='ltr'><strong>tiebautur.</strong></span> <span class='ocrx_word' id='word_1_71' title='bbox 853 1414 967 1448; x_wconf 88' lang='lat' dir='ltr'><strong>Clodii</strong></span> <span class='ocrx_word' id='word_1_72' title='bbox 1007 1415 1184 1447; x_wconf 83' lang='lat' dir='ltr'><strong>accusatio</strong></span> <span class='ocrx_word' id='word_1_73' title='bbox 1206 1414 1243 1447; x_wconf 91' lang='lat' dir='ltr'><strong>in</strong></span> <span class='ocrx_word' id='word_1_74' title='bbox 1267 1414 1375 1447; x_wconf 80' lang='lat' dir='ltr'><strong>Milo-</strong></span> 
     </span>
     <span class='ocr_line' id='line_1_16' title="bbox 169 1460 1465 1505; baseline 0 -10"><span class='ocrx_word' id='word_1_75' title='bbox 169 1461 391 1505; x_wconf 87' lang='lat' dir='ltr'><strong>Snspendere</strong></span> <span class='ocrx_word' id='word_1_76' title='bbox 417 1460 662 1501; x_wconf 82' lang='lat' dir='ltr'><strong>elocutionem,</strong></span> <span class='ocrx_word' id='word_1_77' title='bbox 896 1470 978 1493; x_wconf 89' lang='lat' dir='ltr'><strong>nem</strong></span> <span class='ocrx_word' id='word_1_78' title='bbox 996 1460 1167 1504; x_wconf 83' lang='lat' dir='ltr'><strong>tripertita</strong></span> <span class='ocrx_word' id='word_1_79' title='bbox 1175 1484 1368 1495; x_wconf 86' lang='grc'><strong>.........</strong></span> <span class='ocrx_word' id='word_1_80' title='bbox 1420 1462 1465 1495; x_wconf 87' lang='grc'><strong>38</strong></span> 
     </span>
     <span class='ocr_line' id='line_1_17' title="bbox 213 1506 1375 1545; baseline -0.001 -4"><span class='ocrx_word' id='word_1_81' title='bbox 213 1507 265 1541; x_wconf 83' lang='lat' dir='ltr'><strong>vel</strong></span> <span class='ocrx_word' id='word_1_82' title='bbox 278 1507 460 1540; x_wconf 83' lang='lat' dir='ltr'><strong>verborum</strong></span> <span class='ocrx_word' id='word_1_83' title='bbox 473 1507 692 1545; x_wconf 85' lang='lat' dir='ltr'><strong>medietates,</strong></span> <span class='ocrx_word' id='word_1_84' title='bbox 851 1506 997 1540; x_wconf 89' lang='lat' dir='ltr'><strong>Clodius</strong></span> <span class='ocrx_word' id='word_1_85' title='bbox 1022 1506 1207 1540; x_wconf 80' lang='lat' dir='ltr'><strong>videbatur</strong></span> <span class='ocrx_word' id='word_1_86' title='bbox 1240 1507 1375 1540; x_wconf 82' lang='lat' dir='ltr'><strong>laturus</strong></span> 
     </span>
     <span class='ocr_line' id='line_1_18' title="bbox 212 1552 1376 1596; baseline -0.001 -9"><span class='ocrx_word' id='word_1_87' title='bbox 212 1553 265 1587; x_wconf 82' lang='lat' dir='ltr'><strong>vel</strong></span> <span class='ocrx_word' id='word_1_88' title='bbox 278 1553 412 1586; x_wconf 82' lang='lat' dir='ltr'><strong>dictum</strong></span> <span class='ocrx_word' id='word_1_89' title='bbox 429 1552 541 1586; x_wconf 86' lang='lat' dir='ltr'><strong>aliud.</strong></span> <span class='ocrx_word' id='word_1_90' title='bbox 556 1576 564 1585; x_wconf 91' lang='lat'><strong>.</strong></span> <span class='ocrx_word' id='word_1_91' title='bbox 579 1555 649 1586; x_wconf 91' lang='lat'><strong>.16.</strong></span> <span class='ocrx_word' id='word_1_92' title='bbox 667 1556 722 1586; x_wconf 62' lang='grc' dir='ltr'><strong>Ἃ.</strong></span> <span class='ocrx_word' id='word_1_93' title='bbox 738 1555 783 1588; x_wconf 89' lang='grc'><strong>93</strong></span> <span class='ocrx_word' id='word_1_94' title='bbox 895 1553 1011 1596; x_wconf 80' lang='lat' dir='ltr'><strong>legem</strong></span> <span class='ocrx_word' id='word_1_95' title='bbox 1028 1553 1072 1586; x_wconf 90' lang='lat' dir='ltr'><strong>de</strong></span> <span class='ocrx_word' id='word_1_96' title='bbox 1088 1553 1251 1596; x_wconf 82' lang='lat' dir='ltr'><strong>suffragio</strong></span> <span class='ocrx_word' id='word_1_97' title='bbox 1271 1553 1376 1587; x_wconf 91' lang='lat' dir='ltr'><strong>liber-</strong></span> 
     </span>
     <span class='ocr_line' id='line_1_19' title="bbox 168 1600 1468 1642; baseline 0 -9"><span class='ocrx_word' id='word_1_98' title='bbox 168 1600 286 1633; x_wconf 78' lang='lat' dir='ltr'><strong>Sicilia</strong></span> <span class='ocrx_word' id='word_1_99' title='bbox 301 1601 432 1642; x_wconf 82' lang='lat' dir='ltr'><strong>loquax</strong></span> <span class='ocrx_word' id='word_1_100' title='bbox 450 1623 459 1632; x_wconf 91' lang='lat'>.</span> <span class='ocrx_word' id='word_1_101' title='bbox 473 1623 688 1634; x_wconf 85' lang='grc'><strong>..........</strong></span> <span class='ocrx_word' id='word_1_102' title='bbox 741 1602 783 1634; x_wconf 89' lang='grc'><strong>17</strong></span> <span class='ocrx_word' id='word_1_103' title='bbox 895 1600 1049 1633; x_wconf 82' lang='lat' dir='ltr'><strong>tinorum</strong></span> <span class='ocrx_word' id='word_1_104' title='bbox 1063 1622 1370 1634; x_wconf 87' lang='grc'><strong>..............</strong></span> <span class='ocrx_word' id='word_1_105' title='bbox 1420 1601 1468 1633; x_wconf 90' lang='grc'><strong>39</strong></span> 
     </span>
     <span class='ocr_line' id='line_1_20' title="bbox 169 1645 1468 1689; baseline 0 -10"><span class='ocrx_word' id='word_1_106' title='bbox 169 1646 451 1680; x_wconf 81' lang='lat' dir='ltr'><strong>Satisdatitiones</strong></span> <span class='ocrx_word' id='word_1_107' title='bbox 490 1646 693 1678; x_wconf 84' lang='lat' dir='ltr'><strong>rescindun·</strong></span> <span class='ocrx_word' id='word_1_108' title='bbox 851 1645 995 1678; x_wconf 88' lang='lat' dir='ltr'><strong>Clodius</strong></span> <span class='ocrx_word' id='word_1_109' title='bbox 1011 1657 1031 1678; x_wconf 89' lang='lat' dir='ltr'><strong>a</strong></span> <span class='ocrx_word' id='word_1_110' title='bbox 1046 1646 1168 1689; x_wconf 83' lang='lat' dir='ltr'><strong>piratis</strong></span> <span class='ocrx_word' id='word_1_111' title='bbox 1182 1645 1361 1679; x_wconf 85' lang='lat' dir='ltr'><strong>redemtus</strong></span> <span class='ocrx_word' id='word_1_112' title='bbox 1421 1648 1468 1680; x_wconf 86' lang='lat'><strong>40</strong></span> 
     </span>
     <span class='ocr_line' id='line_1_21' title="bbox 215 1691 1376 1734; baseline 0 -9"><span class='ocrx_word' id='word_1_113' title='bbox 215 1695 273 1725; x_wconf 86' lang='lat' dir='ltr'><strong>tur</strong></span> <span class='ocrx_word' id='word_1_114' title='bbox 283 1692 456 1724; x_wconf 75' lang='lat' dir='ltr'><strong>sententia</strong></span> <span class='ocrx_word' id='word_1_115' title='bbox 469 1691 625 1734; x_wconf 88' lang='lat' dir='ltr'><strong>praetoris</strong></span> <span class='ocrx_word' id='word_1_116' title='bbox 635 1715 642 1723; x_wconf 93' lang='lat'><strong>.</strong></span> <span class='ocrx_word' id='word_1_117' title='bbox 657 1716 666 1724; x_wconf 84' lang='lat'><strong>.</strong></span> <span class='ocrx_word' id='word_1_118' title='bbox 679 1715 688 1724; x_wconf 91' lang='lat'><strong>.</strong></span> <span class='ocrx_word' id='word_1_119' title='bbox 742 1694 784 1725; x_wconf 82' lang='lat'><strong>18</strong></span> <span class='ocrx_word' id='word_1_120' title='bbox 852 1692 906 1726; x_wconf 90' lang='lat' dir='ltr'><strong>M.</strong></span> <span class='ocrx_word' id='word_1_121' title='bbox 923 1692 1039 1724; x_wconf 86' lang='lat' dir='ltr'><strong>Crassi</strong></span> <span class='ocrx_word' id='word_1_122' title='bbox 1059 1702 1173 1725; x_wconf 89' lang='lat' dir='ltr'><strong>mores</strong></span> <span class='ocrx_word' id='word_1_123' title='bbox 1200 1691 1294 1725; x_wconf 84' lang='lat' dir='ltr'><strong>avari</strong></span> <span class='ocrx_word' id='word_1_124' title='bbox 1315 1692 1376 1725; x_wconf 90' lang='lat' dir='ltr'><strong>de-</strong></span> 
     </span>
     <span class='ocr_line' id='line_1_22' title="bbox 169 1737 1468 1772; baseline 0 -1"><span class='ocrx_word' id='word_1_125' title='bbox 169 1738 398 1772; x_wconf 85' lang='lat' dir='ltr'><strong>Consuetudo</strong></span> <span class='ocrx_word' id='word_1_126' title='bbox 408 1737 638 1770; x_wconf 76' lang='lat' dir='ltr'><strong>conveniendi</strong></span> <span class='ocrx_word' id='word_1_127' title='bbox 649 1739 694 1771; x_wconf 91' lang='lat' dir='ltr'><strong>ad</strong></span> <span class='ocrx_word' id='word_1_128' title='bbox 896 1741 1064 1771; x_wconf 86' lang='lat' dir='ltr'><strong>notantur</strong></span> <span class='ocrx_word' id='word_1_129' title='bbox 1086 1760 1370 1772; x_wconf 87' lang='grc'><strong>.............</strong></span> <span class='ocrx_word' id='word_1_130' title='bbox 1421 1740 1468 1772; x_wconf 84' lang='grc'><strong>45</strong></span> 
     </span>
     <span class='ocr_line' id='line_1_23' title="bbox 216 1783 1468 1827; baseline 0.002 -10"><span class='ocrx_word' id='word_1_131' title='bbox 216 1784 359 1817; x_wconf 76' lang='lat' dir='ltr'><strong>balneas</strong></span> <span class='ocrx_word' id='word_1_132' title='bbox 370 1783 514 1816; x_wconf 85' lang='lat' dir='ltr'><strong>ineunte</strong></span> <span class='ocrx_word' id='word_1_133' title='bbox 529 1793 648 1817; x_wconf 81' lang='lat' dir='ltr'><strong>verno.</strong></span> <span class='ocrx_word' id='word_1_134' title='bbox 852 1784 1010 1818; x_wconf 85' lang='lat' dir='ltr'><strong>Pecunia</strong></span> <span class='ocrx_word' id='word_1_135' title='bbox 1024 1784 1116 1827; x_wconf 83' lang='lat' dir='ltr'><strong>regis</strong></span> <span class='ocrx_word' id='word_1_136' title='bbox 1132 1784 1258 1817; x_wconf 82' lang='lat' dir='ltr'><strong>Alexae</strong></span> <span class='ocrx_word' id='word_1_137' title='bbox 1268 1808 1370 1818; x_wconf 91' lang='grc'><strong>.....</strong></span> <span class='ocrx_word' id='word_1_138' title='bbox 1421 1787 1468 1819; x_wconf 84' lang='lat'><strong>47</strong></span> 
     </span>
     <span class='ocr_line' id='line_1_24' title="bbox 171 1830 1377 1874; baseline 0.001 -11"><span class='ocrx_word' id='word_1_139' title='bbox 171 1830 350 1863; x_wconf 87' lang='lat' dir='ltr'><strong>Ciceronis</strong></span> <span class='ocrx_word' id='word_1_140' title='bbox 382 1830 586 1863; x_wconf 85' lang='lat' dir='ltr'><strong>Puteolanae</strong></span> <span class='ocrx_word' id='word_1_141' title='bbox 616 1840 695 1874; x_wconf 73' lang='lat' dir='ltr'><strong>pos·</strong></span> <span class='ocrx_word' id='word_1_142' title='bbox 853 1831 992 1874; x_wconf 81' lang='lat' dir='ltr'><strong>Regina</strong></span> <span class='ocrx_word' id='word_1_143' title='bbox 1022 1830 1170 1874; x_wconf 77' lang='lat' dir='ltr'><strong>AEgypti</strong></span> <span class='ocrx_word' id='word_1_144' title='bbox 1200 1831 1377 1865; x_wconf 85' lang='lat' dir='ltr'><strong>trucidata</strong></span> 
     </span>
     <span class='ocr_line' id='line_1_25' title="bbox 216 1876 1468 1920; baseline 0.001 -11"><span class='ocrx_word' id='word_1_145' title='bbox 216 1876 397 1909; x_wconf 82' lang='lat' dir='ltr'><strong>sessiones,</strong></span> <span class='ocrx_word' id='word_1_146' title='bbox 899 1888 919 1910; x_wconf 87' lang='lat' dir='ltr'><strong>a</strong></span> <span class='ocrx_word' id='word_1_147' title='bbox 929 1876 1038 1910; x_wconf 76' lang='lat' dir='ltr'><strong>fratre</strong></span> <span class='ocrx_word' id='word_1_148' title='bbox 1055 1881 1090 1910; x_wconf 81' lang='lat' dir='ltr'><strong>et</strong></span> <span class='ocrx_word' id='word_1_149' title='bbox 1105 1877 1256 1920; x_wconf 80' lang='lat' dir='ltr'><strong>coniuge</strong></span> <span class='ocrx_word' id='word_1_150' title='bbox 1271 1887 1370 1920; x_wconf 84' lang='lat' dir='ltr'><strong>rege.</strong></span> <span class='ocrx_word' id='word_1_151' title='bbox 1422 1879 1468 1911; x_wconf 85' lang='lat'><strong>49</strong></span> 
     </span>
     <span class='ocr_line' id='line_1_26' title="bbox 170 1922 1377 1968; baseline 0.001 -13"><span class='ocrx_word' id='word_1_152' title='bbox 170 1923 329 1956; x_wconf 84' lang='lat' dir='ltr'><strong>Lcnities</strong></span> <span class='ocrx_word' id='word_1_153' title='bbox 336 1943 688 1956; x_wconf 88' lang='grc'><strong>................</strong></span> <span class='ocrx_word' id='word_1_154' title='bbox 741 1922 786 1953; x_wconf 83' lang='grc'><strong>20</strong></span> <span class='ocrx_word' id='word_1_155' title='bbox 854 1923 976 1957; x_wconf 84' lang='lat' dir='ltr'><strong>Oratio</strong></span> <span class='ocrx_word' id='word_1_156' title='bbox 999 1935 1063 1968; x_wconf 80' lang='lat' dir='ltr'><strong>pro</strong></span> <span class='ocrx_word' id='word_1_157' title='bbox 1087 1923 1220 1956; x_wconf 73' lang='lat' dir='ltr'><strong>Archia</strong></span> <span class='ocrx_word' id='word_1_158' title='bbox 1244 1923 1340 1956; x_wconf 88' lang='lat' dir='ltr'><strong>dicta</strong></span> <span class='ocrx_word' id='word_1_159' title='bbox 1356 1933 1377 1956; x_wconf 86' lang='lat' dir='ltr'><strong>a</strong></span> 
     </span>
     <span class='ocr_line' id='line_1_27' title="bbox 172 1967 1378 2013; baseline 0 -10"><span class='ocrx_word' id='word_1_160' title='bbox 172 1969 292 2003; x_wconf 85' lang='lat' dir='ltr'><strong>Locus</strong></span> <span class='ocrx_word' id='word_1_161' title='bbox 308 1968 443 2001; x_wconf 85' lang='lat' dir='ltr'><strong>Afranii</strong></span> <span class='ocrx_word' id='word_1_162' title='bbox 458 1968 493 2000; x_wconf 91' lang='lat' dir='ltr'><strong>iu</strong></span> <span class='ocrx_word' id='word_1_163' title='bbox 510 1967 696 2001; x_wconf 86' lang='lat' dir='ltr'><strong>Consobri-</strong></span> <span class='ocrx_word' id='word_1_164' title='bbox 899 1970 952 2003; x_wconf 85' lang='lat' dir='ltr'><strong>M.</strong></span> <span class='ocrx_word' id='word_1_165' title='bbox 973 1970 1092 2003; x_wconf 86' lang='lat' dir='ltr'><strong>Tullio</strong></span> <span class='ocrx_word' id='word_1_166' title='bbox 1114 1969 1208 2013; x_wconf 89' lang='lat' dir='ltr'><strong>apud</strong></span> <span class='ocrx_word' id='word_1_167' title='bbox 1234 1970 1277 2010; x_wconf 88' lang='lat' dir='ltr'><strong>Q.</strong></span> <span class='ocrx_word' id='word_1_168' title='bbox 1291 1969 1378 2003; x_wconf 86' lang='lat' dir='ltr'><strong>Fra-</strong></span> 
     </span>
    </p>

    <p class='ocr_par' dir='ltr' id='par_1_5' title="bbox 171 2014 1471 2246">
     <span class='ocr_line' id='line_1_28' title="bbox 197 2014 1468 2059; baseline 0 -10"><span class='ocrx_word' id='word_1_169' title='bbox 197 2047 200 2050; x_wconf 76' lang='lat'>.</span> <span class='ocrx_word' id='word_1_170' title='bbox 216 2016 271 2048; x_wconf 86' lang='lat' dir='ltr'><strong>nis</strong></span> <span class='ocrx_word' id='word_1_171' title='bbox 293 2035 690 2049; x_wconf 87' lang='grc'><strong>..................</strong></span> <span class='ocrx_word' id='word_1_172' title='bbox 741 2014 784 2045; x_wconf 85' lang='grc'><strong>21</strong></span> <span class='ocrx_word' id='word_1_173' title='bbox 897 2020 985 2049; x_wconf 86' lang='lat' dir='ltr'><strong>trem</strong></span> <span class='ocrx_word' id='word_1_174' title='bbox 998 2019 1185 2059; x_wconf 81' lang='lat' dir='ltr'><strong>praetorem</strong></span> <span class='ocrx_word' id='word_1_175' title='bbox 1202 2040 1370 2051; x_wconf 89' lang='grc'><strong>........</strong></span> <span class='ocrx_word' id='word_1_176' title='bbox 1422 2018 1468 2050; x_wconf 76' lang='lat'><strong>54</strong></span> 
     </span>
     <span class='ocr_line' id='line_1_29' title="bbox 173 2061 1377 2106; baseline 0.001 -12"><span class='ocrx_word' id='word_1_177' title='bbox 173 2061 368 2094; x_wconf 81' lang='lat' dir='ltr'><strong>Calantica.</strong></span> <span class='ocrx_word' id='word_1_178' title='bbox 855 2062 898 2104; x_wconf 86' lang='lat' dir='ltr'><strong>Q.</strong></span> <span class='ocrx_word' id='word_1_179' title='bbox 913 2062 1053 2096; x_wconf 88' lang='lat' dir='ltr'><strong>Tullius</strong></span> <span class='ocrx_word' id='word_1_180' title='bbox 1068 2072 1139 2095; x_wconf 88' lang='lat' dir='ltr'><strong>non</strong></span> <span class='ocrx_word' id='word_1_181' title='bbox 1150 2063 1263 2095; x_wconf 90' lang='lat' dir='ltr'><strong>solum</strong></span> <span class='ocrx_word' id='word_1_182' title='bbox 1276 2062 1377 2106; x_wconf 86' lang='lat' dir='ltr'><strong>epici,</strong></span> 
     </span>
     <span class='ocr_line' id='line_1_30' title="bbox 173 2107 1379 2152; baseline 0.002 -12"><span class='ocrx_word' id='word_1_183' title='bbox 173 2108 319 2141; x_wconf 80' lang='lat' dir='ltr'><strong>Aurelia</strong></span> <span class='ocrx_word' id='word_1_184' title='bbox 335 2107 483 2140; x_wconf 79' lang='lat' dir='ltr'><strong>Caesaris</strong></span> <span class='ocrx_word' id='word_1_185' title='bbox 500 2110 612 2139; x_wconf 84' lang='lat' dir='ltr'><strong>mater</strong></span> <span class='ocrx_word' id='word_1_186' title='bbox 634 2131 642 2140; x_wconf 95' lang='lat'><strong><em>.</em></strong></span> <span class='ocrx_word' id='word_1_187' title='bbox 657 2129 666 2137; x_wconf 90' lang='lat'><strong><em>.</em></strong></span> <span class='ocrx_word' id='word_1_188' title='bbox 680 2130 688 2138; x_wconf 92' lang='lat'><strong><em>.</em></strong></span> <span class='ocrx_word' id='word_1_189' title='bbox 740 2107 788 2138; x_wconf 85' lang='lat'><strong>22</strong></span> <span class='ocrx_word' id='word_1_190' title='bbox 899 2119 1019 2141; x_wconf 75' lang='lat' dir='ltr'><strong>verum</strong></span> <span class='ocrx_word' id='word_1_191' title='bbox 1036 2108 1143 2140; x_wconf 83' lang='lat' dir='ltr'><strong>etiam</strong></span> <span class='ocrx_word' id='word_1_192' title='bbox 1162 2108 1286 2152; x_wconf 82' lang='lat' dir='ltr'><strong>tragici</strong></span> <span class='ocrx_word' id='word_1_193' title='bbox 1303 2119 1379 2142; x_wconf 90' lang='lat' dir='ltr'><strong>car-</strong></span> 
     </span>
     <span class='ocr_line' id='line_1_31' title="bbox 172 2153 1471 2198; baseline 0.002 -12"><span class='ocrx_word' id='word_1_194' title='bbox 172 2154 316 2187; x_wconf 90' lang='lat' dir='ltr'><strong>Clodius</strong></span> <span class='ocrx_word' id='word_1_195' title='bbox 328 2153 499 2186; x_wconf 80' lang='lat' dir='ltr'><strong>inliberali</strong></span> <span class='ocrx_word' id='word_1_196' title='bbox 512 2153 636 2186; x_wconf 89' lang='lat' dir='ltr'><strong>forma.</strong></span> <span class='ocrx_word' id='word_1_197' title='bbox 651 2154 723 2186; x_wconf 83' lang='grc'>.22.</span> <span class='ocrx_word' id='word_1_198' title='bbox 742 2153 788 2184; x_wconf 88' lang='grc'><strong>36</strong></span> <span class='ocrx_word' id='word_1_199' title='bbox 899 2155 1003 2187; x_wconf 86' lang='lat' dir='ltr'><strong>minis</strong></span> <span class='ocrx_word' id='word_1_200' title='bbox 1015 2154 1160 2198; x_wconf 85' lang='lat' dir='ltr'><strong>scriptor</strong></span> <span class='ocrx_word' id='word_1_201' title='bbox 1180 2178 1374 2189; x_wconf 85' lang='grc'><strong>.........</strong></span> <span class='ocrx_word' id='word_1_202' title='bbox 1423 2157 1471 2189; x_wconf 81' lang='lat'><strong>55</strong></span> 
     </span>
     <span class='ocr_line' id='line_1_32' title="bbox 171 2198 1378 2246; baseline 0.002 -14"><span class='ocrx_word' id='word_1_203' title='bbox 171 2201 210 2234; x_wconf 90' lang='lat' dir='ltr'><strong>P.</strong></span> <span class='ocrx_word' id='word_1_204' title='bbox 226 2199 622 2243; x_wconf 80' lang='lat' dir='ltr'><strong>ClaudiusAppiiCaeci</strong></span> <span class='ocrx_word' id='word_1_205' title='bbox 635 2198 698 2231; x_wconf 81' lang='lat' dir='ltr'><strong>fili-</strong></span> <span class='ocrx_word' id='word_1_206' title='bbox 856 2203 897 2236; x_wconf 91' lang='lat' dir='ltr'><strong>L.</strong></span> <span class='ocrx_word' id='word_1_207' title='bbox 926 2200 1070 2233; x_wconf 85' lang='lat' dir='ltr'><strong>Clodius</strong></span> <span class='ocrx_word' id='word_1_208' title='bbox 1098 2202 1169 2244; x_wconf 72' lang='lat' dir='ltr'><strong>(seu</strong></span> <span class='ocrx_word' id='word_1_209' title='bbox 1201 2202 1311 2246; x_wconf 68' lang='lat' dir='ltr'><strong>potius</strong></span> <span class='ocrx_word' id='word_1_210' title='bbox 1334 2201 1378 2235; x_wconf 89' lang='lat' dir='ltr'><strong>L.</strong></span> 
     </span>
    </p>

    <p class='ocr_par' dir='ltr' id='par_1_6' title="bbox 172 2244 1471 2752">
     <span class='ocr_line' id='line_1_33' title="bbox 219 2244 1378 2290; baseline 0.002 -12"><span class='ocrx_word' id='word_1_211' title='bbox 219 2257 260 2278; x_wconf 92' lang='lat' dir='ltr'><strong>us</strong></span> <span class='ocrx_word' id='word_1_212' title='bbox 276 2246 468 2279; x_wconf 76' lang='lat' dir='ltr'><strong>infeliciter</strong></span> <span class='ocrx_word' id='word_1_213' title='bbox 485 2248 621 2289; x_wconf 71' lang='lat' dir='ltr'><strong>pugnat</strong></span> <span class='ocrx_word' id='word_1_214' title='bbox 638 2244 698 2277; x_wconf 85' lang='lat' dir='ltr'><strong>ad·</strong></span> <span class='ocrx_word' id='word_1_215' title='bbox 900 2246 1052 2287; x_wconf 87' lang='lat' dir='ltr'><strong>Plotius)</strong></span> <span class='ocrx_word' id='word_1_216' title='bbox 1081 2247 1212 2290; x_wconf 88' lang='lat' dir='ltr'><strong>primus</strong></span> <span class='ocrx_word' id='word_1_217' title='bbox 1252 2247 1378 2280; x_wconf 84' lang='lat' dir='ltr'><strong>Romae</strong></span> 
     </span>
     <span class='ocr_line' id='line_1_34' title="bbox 216 2290 1286 2331; baseline 0 -5"><span class='ocrx_word' id='word_1_218' title='bbox 216 2302 338 2325; x_wconf 84' lang='lat' dir='ltr'><strong>versus</strong></span> <span class='ocrx_word' id='word_1_219' title='bbox 360 2293 497 2331; x_wconf 72' lang='grc' dir='ltr'><strong>Ρεεηοε,</strong></span> <span class='ocrx_word' id='word_1_220' title='bbox 524 2295 560 2323; x_wconf 83' lang='lat' dir='ltr'><strong>et</strong></span> <span class='ocrx_word' id='word_1_221' title='bbox 587 2291 632 2323; x_wconf 90' lang='lat' dir='ltr'><strong>ob</strong></span> <span class='ocrx_word' id='word_1_222' title='bbox 660 2290 697 2323; x_wconf 89' lang='lat' dir='ltr'><strong>id</strong></span> <span class='ocrx_word' id='word_1_223' title='bbox 901 2293 1016 2327; x_wconf 83' lang='lat' dir='ltr'><strong>studia</strong></span> <span class='ocrx_word' id='word_1_224' title='bbox 1031 2293 1140 2327; x_wconf 87' lang='lat' dir='ltr'><strong>latina</strong></span> <span class='ocrx_word' id='word_1_225' title='bbox 1155 2293 1286 2327; x_wconf 88' lang='lat' dir='ltr'><strong>docuit.</strong></span> 
     </span>
     <span class='ocr_line' id='line_1_35' title="bbox 218 2338 1380 2384; baseline 0.002 -13"><span class='ocrx_word' id='word_1_226' title='bbox 218 2338 345 2371; x_wconf 78' lang='lat' dir='ltr'><strong>Romae</strong></span> <span class='ocrx_word' id='word_1_227' title='bbox 362 2338 548 2371; x_wconf 68' lang='lat' dir='ltr'><strong>damnatur</strong></span> <span class='ocrx_word' id='word_1_228' title='bbox 555 2361 658 2371; x_wconf 88' lang='grc'><strong>.....</strong></span> <span class='ocrx_word' id='word_1_229' title='bbox 664 2339 721 2378; x_wconf 86' lang='grc'><strong>22,</strong></span> <span class='ocrx_word' id='word_1_230' title='bbox 743 2338 786 2369; x_wconf 82' lang='grc'><strong>23</strong></span> <span class='ocrx_word' id='word_1_231' title='bbox 854 2340 1084 2384; x_wconf 78' lang='lat' dir='ltr'><strong>Sepulchrum</strong></span> <span class='ocrx_word' id='word_1_232' title='bbox 1098 2339 1302 2383; x_wconf 83' lang='lat' dir='ltr'><strong>Scipionum</strong></span> <span class='ocrx_word' id='word_1_233' title='bbox 1318 2350 1380 2373; x_wconf 82' lang='lat' dir='ltr'><strong>ex-</strong></span> 
     </span>
     <span class='ocr_line' id='line_1_36' title="bbox 172 2385 1312 2430; baseline -0.002 -12"><span class='ocrx_word' id='word_1_234' title='bbox 172 2385 273 2419; x_wconf 73' lang='lat' dir='ltr'><strong>Lites</strong></span> <span class='ocrx_word' id='word_1_235' title='bbox 294 2385 478 2417; x_wconf 76' lang='lat' dir='ltr'><strong>aesfimatae</strong></span> <span class='ocrx_word' id='word_1_236' title='bbox 498 2407 692 2417; x_wconf 86' lang='grc'><strong>.........</strong></span> <span class='ocrx_word' id='word_1_237' title='bbox 744 2385 788 2416; x_wconf 79' lang='grc'><strong>23</strong></span> <span class='ocrx_word' id='word_1_238' title='bbox 901 2392 952 2420; x_wconf 76' lang='lat' dir='ltr'><strong>tra</strong></span> <span class='ocrx_word' id='word_1_239' title='bbox 966 2390 1103 2430; x_wconf 87' lang='lat' dir='ltr'><strong>portam</strong></span> <span class='ocrx_word' id='word_1_240' title='bbox 1121 2387 1312 2430; x_wconf 83' lang='lat' dir='ltr'><strong>Capenam.</strong></span> 
     </span>
     <span class='ocr_line' id='line_1_37' title="bbox 173 2430 1379 2477; baseline -0.002 -12"><span class='ocrx_word' id='word_1_241' title='bbox 173 2432 216 2465; x_wconf 92' lang='lat' dir='ltr'><strong>L.</strong></span> <span class='ocrx_word' id='word_1_242' title='bbox 231 2431 337 2464; x_wconf 81' lang='lat' dir='ltr'><strong>Cotta</strong></span> <span class='ocrx_word' id='word_1_243' title='bbox 363 2434 484 2463; x_wconf 74' lang='lat' dir='ltr'><strong>auctor</strong></span> <span class='ocrx_word' id='word_1_244' title='bbox 504 2430 698 2463; x_wconf 82' lang='lat' dir='ltr'><strong>iudiciariae</strong></span> <span class='ocrx_word' id='word_1_245' title='bbox 857 2433 1015 2468; x_wconf 80' lang='lat' dir='ltr'><strong>Kallinos</strong></span> <span class='ocrx_word' id='word_1_246' title='bbox 1064 2432 1201 2465; x_wconf 79' lang='lat' dir='ltr'><strong>videtur</strong></span> <span class='ocrx_word' id='word_1_247' title='bbox 1246 2433 1379 2477; x_wconf 88' lang='lat' dir='ltr'><strong>primus</strong></span> 
     </span>
     <span class='ocr_line' id='line_1_38' title="bbox 218 2476 1380 2522; baseline 0.003 -13"><span class='ocrx_word' id='word_1_248' title='bbox 218 2477 306 2521; x_wconf 84' lang='lat' dir='ltr'><strong>legis</strong></span> <span class='ocrx_word' id='word_1_249' title='bbox 323 2476 478 2510; x_wconf 84' lang='lat' dir='ltr'><strong>Aureliae</strong></span> <span class='ocrx_word' id='word_1_250' title='bbox 501 2499 693 2510; x_wconf 87' lang='grc'><strong>.........</strong></span> <span class='ocrx_word' id='word_1_251' title='bbox 744 2477 790 2509; x_wconf 81' lang='lat'><strong>26</strong></span> <span class='ocrx_word' id='word_1_252' title='bbox 903 2479 1078 2522; x_wconf 80' lang='lat' dir='ltr'><strong>scripsisse</strong></span> <span class='ocrx_word' id='word_1_253' title='bbox 1101 2489 1243 2512; x_wconf 87' lang='lat' dir='ltr'><strong>carmen</strong></span> <span class='ocrx_word' id='word_1_254' title='bbox 1263 2479 1380 2522; x_wconf 75' lang='lat' dir='ltr'><strong>eligia·</strong></span> 
     </span>
     <span class='ocr_line' id='line_1_39' title="bbox 173 2523 1468 2566; baseline 0 -10"><span class='ocrx_word' id='word_1_255' title='bbox 173 2523 289 2556; x_wconf 75' lang='lat' dir='ltr'><strong>Vetus</strong></span> <span class='ocrx_word' id='word_1_256' title='bbox 301 2523 522 2556; x_wconf 85' lang='lat' dir='ltr'><strong>consuetudo</strong></span> <span class='ocrx_word' id='word_1_257' title='bbox 539 2523 701 2566; x_wconf 84' lang='lat' dir='ltr'><strong>profiten-</strong></span> <span class='ocrx_word' id='word_1_258' title='bbox 903 2536 984 2559; x_wconf 86' lang='lat' dir='ltr'><strong>cum</strong></span> <span class='ocrx_word' id='word_1_259' title='bbox 1020 2548 1373 2559; x_wconf 85' lang='grc'><strong>................</strong></span> <span class='ocrx_word' id='word_1_260' title='bbox 1425 2526 1468 2557; x_wconf 91' lang='grc'><strong>61</strong></span> 
     </span>
     <span class='ocr_line' id='line_1_40' title="bbox 220 2569 1471 2605; baseline 0.002 -4"><span class='ocrx_word' id='word_1_261' title='bbox 220 2569 257 2602; x_wconf 90' lang='lat' dir='ltr'><strong>di</strong></span> <span class='ocrx_word' id='word_1_262' title='bbox 272 2580 322 2602; x_wconf 82' lang='lat' dir='ltr'><strong>aes</strong></span> <span class='ocrx_word' id='word_1_263' title='bbox 339 2570 491 2602; x_wconf 86' lang='lat' dir='ltr'><strong>alienum</strong></span> <span class='ocrx_word' id='word_1_264' title='bbox 502 2592 693 2603; x_wconf 85' lang='lat'><strong>.........</strong></span> <span class='ocrx_word' id='word_1_265' title='bbox 744 2570 791 2602; x_wconf 83' lang='lat'><strong>32</strong></span> <span class='ocrx_word' id='word_1_266' title='bbox 858 2572 1030 2605; x_wconf 87' lang='lat' dir='ltr'><strong>Decimus</strong></span> <span class='ocrx_word' id='word_1_267' title='bbox 1046 2571 1179 2604; x_wconf 88' lang='lat' dir='ltr'><strong>Brutus</strong></span> <span class='ocrx_word' id='word_1_268' title='bbox 1201 2572 1379 2605; x_wconf 81' lang='lat' dir='ltr'><strong>Gallaecus</strong></span> <span class='ocrx_word' id='word_1_269' title='bbox 1425 2572 1471 2603; x_wconf 86' lang='grc'><strong>62</strong></span> 
     </span>
     <span class='ocr_line' id='line_1_41' title="bbox 174 2615 1172 2659; baseline 0.004 -11"><span class='ocrx_word' id='word_1_270' title='bbox 174 2615 241 2649; x_wconf 87' lang='lat' dir='ltr'><strong>AEs</strong></span> <span class='ocrx_word' id='word_1_271' title='bbox 260 2615 413 2648; x_wconf 88' lang='lat' dir='ltr'><strong>alienum</strong></span> <span class='ocrx_word' id='word_1_272' title='bbox 431 2615 576 2649; x_wconf 73' lang='lat' dir='ltr'><strong>Milonis</strong></span> <span class='ocrx_word' id='word_1_273' title='bbox 592 2626 701 2659; x_wconf 86' lang='lat' dir='ltr'><strong>quan-</strong></span> <span class='ocrx_word' id='word_1_274' title='bbox 858 2619 992 2652; x_wconf 86' lang='lat' dir='ltr'><strong>Versus</strong></span> <span class='ocrx_word' id='word_1_275' title='bbox 1008 2617 1172 2651; x_wconf 85' lang='lat' dir='ltr'><strong>Saturnii.</strong></span> 
     </span>
     <span class='ocr_line' id='line_1_42' title="bbox 221 2663 1381 2699; baseline 0.003 -6"><span class='ocrx_word' id='word_1_276' title='bbox 221 2664 308 2694; x_wconf 85' lang='lat' dir='ltr'><strong>tum.</strong></span> <span class='ocrx_word' id='word_1_277' title='bbox 859 2667 990 2699; x_wconf 80' lang='lat' dir='ltr'><strong>Sensus</strong></span> <span class='ocrx_word' id='word_1_278' title='bbox 1000 2664 1186 2697; x_wconf 85' lang='lat' dir='ltr'><strong>verborum</strong></span> <span class='ocrx_word' id='word_1_279' title='bbox 1198 2663 1336 2697; x_wconf 77' lang='lat' dir='ltr'><strong>adoravi</strong></span> <span class='ocrx_word' id='word_1_280' title='bbox 1346 2666 1381 2696; x_wconf 91' lang='lat' dir='ltr'><strong>et</strong></span> 
     </span>
     <span class='ocr_line' id='line_1_43' title="bbox 174 2707 1471 2752; baseline 0.003 -13"><span class='ocrx_word' id='word_1_281' title='bbox 174 2707 318 2752; x_wconf 86' lang='lat' dir='ltr'><strong>Species</strong></span> <span class='ocrx_word' id='word_1_282' title='bbox 329 2707 444 2750; x_wconf 88' lang='lat' dir='ltr'><strong>plures</strong></span> <span class='ocrx_word' id='word_1_283' title='bbox 459 2708 702 2751; x_wconf 80' lang='lat' dir='ltr'><strong>interrogatio·</strong></span> <span class='ocrx_word' id='word_1_284' title='bbox 905 2710 1055 2746; x_wconf 82' lang='lat' dir='ltr'><strong>adoravit</strong></span> <span class='ocrx_word' id='word_1_285' title='bbox 1068 2734 1374 2746; x_wconf 87' lang='grc'><strong>..............</strong></span> <span class='ocrx_word' id='word_1_286' title='bbox 1426 2711 1471 2743; x_wconf 83' lang='grc'><strong>63</strong></span> 
     </span>
    </p>
   </div>
   <div class='ocr_carea' id='block_1_5' title="bbox 221 2755 790 2797">
    <p class='ocr_par' dir='ltr' id='par_1_7' title="bbox 221 2755 790 2797">
     <span class='ocr_line' id='line_1_44' title="bbox 221 2755 790 2797; baseline 0.002 -11"><span class='ocrx_word' id='word_1_287' title='bbox 221 2763 306 2787; x_wconf 86' lang='lat' dir='ltr'><strong>uum</strong></span> <span class='ocrx_word' id='word_1_288' title='bbox 329 2777 660 2789; x_wconf 86' lang='grc'><strong>...............</strong></span> <span class='ocrx_word' id='word_1_289' title='bbox 668 2757 724 2797; x_wconf 87' lang='grc'><strong>32,</strong></span> <span class='ocrx_word' id='word_1_290' title='bbox 746 2755 790 2787; x_wconf 89' lang='grc'><strong>33</strong></span> 
     </span>
    </p>
   </div>
  </div>
 </body>
</html>
