1971 3263
283 2103 452 2147 calligra-

247 2150 330 2194 phia
345 2151 452 2195 prior·

247 2197 278 2230 is
305 2197 428 2241 palim-

246 2244 367 2287 psesti.

460 293 616 341 xxxvi
918 305 1123 337 PRAENIA
1160 305 1320 338 OPERI

458 419 689 482 quotiens.
729 414 917 462 totiens.
952 414 1164 462 relicum.
1194 412 1412 461 scribtus.
1458 422 1687 478 temptare
1717 418 1768 462 et

459 515 648 564 similia.
689 512 905 560 tribunos
926 528 1018 575 pro
1050 512 1283 560 tribunus.
1321 515 1490 562 voltus.
1528 532 1680 562 unam
1715 531 1765 562 u.

459 631 617 676 eamq.
637 613 876 660 vocalem.
898 629 1171 675 numquam
1206 612 1222 659 i
1244 612 1460 675 longam.
1497 613 1556 660 In
1577 613 1767 662 Codice

460 714 681 762 secundo
700 712 876 760 litterae
893 727 1097 774 quoque
1112 711 1494 774 compendiariae
1512 730 1603 776 pro
1618 713 1770 761 verbo

459 813 719 863 collocatae
745 812 943 860 duobus
961 811 1163 875 punctis
1182 811 1507 858 includuntur
1539 811 1611 859 sic
1631 829 1676 859 v.
1695 828 1768 874 gr.

461 913 537 962 ‘P‘
564 921 612 962 et
650 912 857 977 quidem
889 927 1039 976 supra
1066 910 1242 958 litterae
1276 910 1610 968 medietatem,
1656 926 1771 974 quae

459 1019 627 1061 tamen
662 1019 831 1061 noster
852 1011 1193 1075 typographus
1229 1010 1278 1057 in
1309 1009 1463 1058 Libro
1505 1011 1568 1057 ad
1594 1010 1771 1057 litterae

458 1113 637 1176 pedem
679 1111 948 1174 impressit.
1002 1109 1214 1157 Gemina
1262 1115 1452 1172 puncta
1487 1109 1537 1156 in
1573 1108 1772 1156 schedis

459 1210 733 1268 Vaticanis,
754 1227 780 1257 e
805 1211 990 1274 qnibus
1031 1210 1222 1257 editum
1259 1216 1334 1256 est
1357 1208 1485 1255 Livii
1511 1208 1552 1255 F
1557 1223 1777 1270 ragmen-

460 1316 582 1368 tum,
624 1311 769 1358 etiam
814 1308 1213 1357 C1.Iuvenatius
1267 1306 1583 1354 observavit.¹¹
1631 1305 1775 1354 Idem

462 1409 754 1458 Iuvenatius
778 1409 874 1455 iam
917 1405 1127 1454 monuiti
1151 1414 1356 1471 propter
1392 1406 1550 1454 multa
1591 1407 1776 1454 menda

463 1526 573 1572 quae
597 1509 723 1556 forte
761 1516 1042 1562 occurrant,
1084 1523 1182 1553 non
1218 1523 1326 1553 esse
1360 1506 1685 1553 retrahendas
1709 1506 1776 1553 ad

464 1608 741 1672 sequiorem
785 1614 980 1654 aetatem
1034 1606 1432 1653 membranarum
1481 1605 1773 1668 scripturas,

465 1707 878 1772 quandoquidem
904 1705 1063 1752 multa
1085 1711 1406 1752 monumenta
1435 1704 1510 1752 vel
1545 1704 1778 1767 antiquis·

465 1807 587 1856 sima
604 1807 796 1855 mendis
812 1813 1020 1854 scatent.
1060 1804 1128 1852 Et
1149 1804 1383 1852 Livianas
1410 1804 1616 1868 quidem
1641 1803 1779 1852 sche-

467 1907 558 1955 das
582 1906 948 1954 emendatiores
969 1904 1150 1953 nostris
1177 1904 1453 1953 Codicibus
1473 1903 1639 1951 dicere
1662 1901 1781 1967 quis

468 2006 643 2055 ausit?k

536 2106 875 2171 Calligraphia
898 2111 1064 2153 tamen
1086 2104 1246 2154 nostri
1283 2105 1386 2152 duo
1431 2102 1649 2152 Codices
1679 2118 1779 2151 non

468 2225 647 2272 parum
671 2207 799 2254 inter
824 2223 877 2254 se
901 2205 1147 2253 differunt.
1218 2203 1349 2251 Nam
1382 2202 1560 2267 prioris
1582 2217 1681 2249 non
1706 2217 1783 2249 so-

468 2307 571 2354 lum
594 2306 813 2371 pulchra
837 2311 929 2362 est,
973 2305 1061 2352 sed
1096 2320 1255 2368 prope
1294 2304 1360 2351 ad
1396 2300 1692 2366 lapidarium
1709 2306 1784 2364 ty-

467 2426 589 2473 pum
606 2414 825 2456 exarata.
898 2407 1023 2460 Quae
1035 2403 1282 2468 scriptura
1299 2408 1358 2450 ut
1374 2400 1651 2450 absolutius
1667 2417 1783 2464 cog-

514 2583 528 2604 h
555 2584 653 2618 Edit.
667 2584 779 2627 Neap.
797 2583 880 2616 anni
892 2586 990 2617 1773.
1001 2593 1035 2626 p.
1052 2591 1156 2616 xmu.
1173 2580 1194 2597 “
1206 2578 1300 2623 quod
1315 2578 1432 2618 valde,
1444 2576 1570 2621 inquit,
1584 2575 1785 2610 notandum

414 2668 417 2672 ,
469 2631 490 2648 “
509 2634 581 2665 est:
608 2641 675 2664 nec
692 2631 785 2663 enim
814 2629 897 2663 alibi
924 2629 1028 2662 huius
1042 2628 1149 2662 moris
1165 2625 1340 2668 exempla,
1367 2635 1435 2657 nec
1461 2624 1497 2657 in
1524 2621 1784 2675 seriptislibri8‚

469 2678 491 2693 ‘⁸
507 2688 573 2709 nec
596 2677 631 2709 in
659 2677 836 2710 veteribus
864 2675 1035 2719 lapidum,
1064 2677 1126 2709 aut
1143 2673 1222 2707 aeris
1247 2671 1376 2705 tabulis
1394 2671 1580 2704 observare
1603 2668 1784 2702 memim.'’

470 2723 521 2756 At
537 2733 602 2764 ego
618 2722 821 2756 huiusmodi
835 2725 970 2766 puncta
984 2721 1058 2754 vidi
1073 2731 1146 2755 non
1174 2719 1286 2752 solum
1304 2718 1341 2751 in
1352 2718 1421 2751 hoc
1436 2716 1581 2757 Codice,
1596 2715 1658 2748 sed
1674 2715 1784 2749 etiam

468 2769 507 2802 iu
519 2769 587 2802 alio
603 2770 690 2802 item
706 2770 817 2808 latino
830 2770 922 2803 Saec.
935 2778 1001 2802 ΧΠ.
1014 2768 1060 2802 V.
1073 2765 1262 2812 Specimen
1287 2764 1542 2799 Characterum
1567 2763 1604 2796 in
1619 2762 1689 2799 fine
1704 2760 1785 2795 libri

469 2816 580 2848 nostri
598 2815 643 2848 N.
658 2825 707 2848 vi.

519 2860 527 2881 ί
549 2862 636 2905 Pag.
655 2872 766 2895 Lxxx.

515 2906 530 2928 ¹‘
556 2908 766 2943 Conferatur
781 2908 902 2942 tabula
917 2907 1207 2944 emendationum
1218 2904 1439 2951 Fragmentii
1460 2902 1604 2941 Liviani
1615 2913 1650 2948 p.
1665 2908 1784 2937 xxxv-

469 2964 598 2989 xxxv1.
