1918 3254
278 673 376 708 Edit.

266 720 314 755 N.
332 723 387 756 92.

448 332 514 378 34
949 329 1061 365 PRo·
1076 328 1259 366 sYLLA.

515 427 749 477 Orator-ie
780 426 1016 490 deplorat
1047 426 1199 475 etiam
1235 426 1362 475 illud
1396 433 1614 494 tempus,
1650 443 1756 492 quo

450 515 716 563 damnatus
741 515 818 558 est
841 510 1060 559 ambitus
1086 509 1327 568 crimine,h
1351 511 1470 559 utin
1483 528 1543 560 eo
1560 511 1760 560 desinat

450 595 729 644 invidiosus
745 610 868 651 esse,
895 594 946 641 in
972 611 1075 658 quo
1094 593 1409 642 miserandus
1428 595 1756 643 existimetur.

493 678 626 734 ⁴Vos
655 693 986 726 REIECTIONE
1009 693 1373 725 INTERPOSITA
1398 693 1558 726 NIHIL
1592 693 1762 726 susm-

451 778 717 811 CANTIBUS
754 777 913 811 Nossls
951 776 1254 809 REPENTINI
1294 776 1352 808 IN
1392 776 1490 809 Nos
1543 775 1760 808 IUDICES

452 862 812 903 CONSEDIST1s‚
853 862 921 893 AB
955 859 1385 893 ACCUSATORIBUS
1421 858 1654 891 DELECTI
1689 858 1763 891 AD

453 946 591 978 SPEM
619 945 992 978 ACERBITATIS.
1064 928 1132 976 Et
1154 928 1379 976 relicum,

518 1012 709 1061 Sensus
731 1012 937 1077 quidem
956 1011 1127 1059 multae
1149 1011 1476 1059 obscuritatis
1498 1016 1588 1066 est,
1615 1009 1765 1058 cuius

449 1095 738 1144 intellectus
786 1096 858 1143 sic
900 1092 1169 1159 aperietur.
1239 1093 1341 1141 Per
1385 1092 1513 1140 illud
1560 1099 1763 1156 tempus

452 1196 568 1227 cum
592 1186 724 1227 esset
748 1179 878 1226 alius
902 1185 1084 1242 praeter
1123 1176 1317 1239 Syllam
1357 1193 1486 1232 reus,
1525 1176 1614 1239 qui
1648 1191 1766 1222 cau-

451 1280 558 1310 sam
591 1264 655 1310 de
693 1262 741 1309 vi
777 1263 887 1325 lege
921 1258 1148 1308 Plautiai
1186 1259 1391 1314 diceret,
1430 1257 1565 1306 omni
1589 1257 1764 1305 labore

451 1346 655 1394 conisus
680 1352 757 1392 est
781 1344 857 1393 .L.
881 1344 1189 1406 T01·quatuS‚
1227 1348 1284 1389 ut
1307 1349 1421 1389 ante
1439 1340 1670 1389 iudicum
1691 1357 1767 1389 re-

452 1427 632 1475 iectiok
656 1429 796 1475 fieret
819 1428 885 1474 ad
909 1443 1018 1473 eam
1044 1425 1397 1490 cognitionem,
1436 1441 1551 1489 quae
1583 1425 1648 1472 de
1674 1423 1765 1473 illo

453 1527 662 1575 quoque
701 1512 874 1558 futura
910 1515 1030 1567 erat,
1069 1509 1158 1573 qui
1198 1508 1492 1557 huiusmodi
1516 1515 1659 1556 reatu
1683 1524 1768 1572 pe-

451 1594 665 1642 tebatur.
725 1594 795 1641 Et
813 1594 910 1641 hoc
934 1593 1164 1640 nimirum
1192 1609 1251 1641 eo
1276 1591 1489 1641 consilio
1513 1597 1562 1639 et
1584 1609 1643 1639 ea
1665 1592 1765 1639 cal-

450 1675 647 1723 liditate
669 1674 875 1738 peregit,
913 1681 971 1722 ut
993 1674 1289 1723 melioribus
1313 1682 1363 1722 et
1386 1675 1680 1723 iustioribus
1698 1675 1766 1723 ad

450 1758 589 1806 illam
630 1774 837 1805 causam
875 1756 1134 1804 iudicibus
1179 1758 1368 1815 electis,
1413 1759 1500 1822 qui
1541 1775 1768 1823 superes-

453 1849 568 1889 sent
589 1839 865 1888 inmitiores
890 1846 940 1887 et
963 1839 1129 1903 asperi
1152 1840 1360 1898 iudices,
1401 1842 1592 1906 quique
1621 1843 1685 1890 ab
1713 1842 1770 1890 il-

452 1925 617 1972 lorum
658 1939 868 1970 numero
909 1923 1123 1971 fuissent
1162 1924 1348 1981 reiecti,
1400 1925 1463 1972 de
1502 1924 1579 1972 .P.
1623 1924 1768 1989 Sylla

451 2007 742 2062 iudicarent,
780 2022 874 2070 pro
897 2013 1091 2054 naturae
1115 2023 1218 2053 suae
1242 2007 1481 2056 videlicet
1496 2008 1769 2072 asperitate

452 2090 588 2138 hunc
613 2089 689 2136 vel
710 2088 1030 2136 innocentem
1055 2090 1352 2138 damnaturi.
1424 2090 1507 2138 De
1545 2108 1632 2140 reo
1665 2109 1770 2141 me·

453 2181 602 2221 tuens
642 2173 829 2220 Orator
860 2172 910 2220 in
951 2173 1188 2220 orationis
1226 2174 1367 2222 exitu
1408 2175 1685 2239 praecavet¹
1717 2183 1767 2224 et

452 2254 689 2318 invigilat,
716 2261 773 2302 ut
794 2254 1063 2313 iudicibus,
1090 2272 1304 2319 quorum
1331 2257 1649 2322 asperitatem
1669 2275 1767 2308 me·

454 2339 565 2396 tuit,
615 2338 830 2386 incutiat
866 2339 1218 2387 verecundiam
1257 2339 1556 2405 priusquam
1593 2343 1657 2390 ad
1701 2344 1767 2390 fe-

501 2539 516 2560 ¹¹
543 2541 599 2574 De
616 2541 712 2583 Sylla
728 2542 875 2575 crimine
893 2543 1047 2576 ambitus
1064 2543 1233 2576 damnato
1249 2542 1296 2575 V-
1321 2542 1515 2577 Asconium
1530 2544 1575 2577 ad
1589 2544 1687 2580 Orat.
1698 2557 1768 2592 pro

457 2587 494 2621 C.
511 2586 677 2628 Cornelio,
697 2599 736 2633 p.
758 2591 833 2622 137.
860 2589 909 2632 Et
922 2589 959 2622 iu
974 2588 1071 2635 Toga
1087 2589 1230 2622 candida
1243 2600 1276 2632 p.
1293 2592 1371 2623 148.

502 2633 509 2653 i
534 2631 591 2667 De
605 2633 670 2667 hac
685 2634 763 2678 lege
781 2635 831 2668 sic
846 2635 1007 2669 Iulianus
1023 2636 1081 2669 lib.
1098 2645 1199 2669 xL1V.
1225 2635 1457 2679 Digestorum
1482 2638 1503 2653 “
1522 2637 1603 2671 Lex
1622 2638 1766 2673 Plautia

502 2685 539 2713 ct
554 2681 648 2725 Iulia
664 2692 707 2714 ea
722 2682 868 2715 demum
878 2684 991 2716 vetuit
1005 2683 1109 2726 longa
1123 2683 1345 2726 possessione
1359 2683 1448 2727 capi,
1466 2694 1545 2727 quze
1560 2684 1593 2717 vi
1605 2695 1768 2729 possessa

455 2728 477 2743 “
501 2726 671 2767 fuissent;
693 2738 767 2761 non
784 2729 892 2762 etiam
904 2739 951 2762 ex
967 2729 1095 2773 quibus
1110 2729 1142 2762 vi
1158 2729 1237 2773 quis
1253 2729 1413 2762 deiectus
1428 2729 1583 2764 1'm'sset.”

500 2771 516 2793 Ε
542 2773 599 2806 De
616 2773 784 2808 Iudicum
809 2776 998 2809 reiectione
1027 2775 1182 2819 loquitur
1203 2775 1382 2809 Asconius
1403 2776 1449 2810 ad
1471 2777 1553 2811 Act.
1571 2786 1594 2812 1.
1610 2777 1648 2811 iu
1663 2777 1766 2813 verr.

454 2830 488 2863 p.
506 2822 656 2853 47-48.
696 2820 833 2854 Iterum
859 2822 896 2856 in
915 2822 1013 2856 Veir.
1037 2822 1077 2855 de
1102 2822 1218 2855 Proet·
1240 2821 1311 2855 urb.
1326 2833 1361 2866 p.
1377 2825 1433 2857 69.
1483 2824 1532 2859 Et
1554 2825 1591 2858 iu
1616 2825 1767 2869 Argum.

457 2866 679 2911 Miloniauae,
702 2878 737 2912 p.
758 2870 834 2902 191.
1113 2867 1120 2888 ¹
1145 2868 1233 2902 Cod.
1254 2869 1440 2914 proecadet.

456 2680 476 2698 (ὅ
