1971 3263
419 263 479 308 14
854 258 908 292 lx
950 258 1003 291 .P.
1043 253 1283 290 cnomuM

479 357 637 412 QUOD
673 367 838 403 SIMUL
874 368 941 399 AB
968 366 1034 398 Eo
1071 365 1201 398 Mun
1239 365 1304 397 ET
1329 364 1471 397 REIP.
1510 359 1717 395 DENUN-

411 453 700 489 TIABATUR.

478 521 548 569 Et
572 537 670 568 suae
691 517 918 581 dignitati
940 515 1214 582 plurimum
1238 515 1392 572 dedit,
1432 520 1483 562 et
1509 512 1584 561 .P.
1605 511 1719 560 Clo-

412 605 553 652 dium
576 600 914 650 vehementius
951 599 1218 648 accusavit.
1267 597 1400 645 Nam
1434 597 1600 660 gloriae
1641 594 1721 643 Ci-

411 685 602 734 ceronis
637 683 849 742 accedit,
886 683 1027 747 quod
1064 680 1256 745 seiungi
1295 697 1324 727 a
1360 695 1464 742 rep.
1500 695 1598 726 non
1634 693 1720 740 po-

409 775 534 817 test:
586 766 782 815 invidiae
822 772 986 814 autem
1040 764 1114 813 .P.
1153 763 1318 812 Clodii
1353 760 1644 816 adstruitur,
1679 758 1720 806 si

410 851 577 900 odisse
600 849 829 898 videatur
850 849 901 897 in
925 848 1168 897 Cicerone
1189 863 1344 911 remp.

477 934 653 982 NIHIL
673 949 748 981 ME
775 948 987 981 ADDERE
1012 947 1084 979 AD
1107 945 1368 979 ALTERIUS
1393 942 1719 977 PERlcULUM.

476 1017 609 1066 Satis
634 1017 750 1081 agit,
787 1015 916 1064 utin
954 1013 1235 1062 testimonio
1272 1029 1373 1061 non
1408 1011 1722 1060 existimetur

410 1119 519 1150 esse
541 1100 796 1150 mentitus.

478 1182 579 1232 Sm
618 1198 775 1231 ESSET
806 1196 1110 1230 IUDICATUM
1159 1197 1265 1230 NON
1312 1194 1504 1228 VIDERI
1545 1191 1723 1224 VIRUM

411 1282 650 1324 VENISSE,
689 1281 790 1316 Qvo
816 1281 935 1312 ISTE
963 1280 1237 1313 VENISSET.

475 1348 778 1397 Amaritudo
817 1346 1064 1395 stomachi
1104 1352 1180 1394 est
1222 1345 1270 1393 in
1323 1345 1420 1393 hac
1461 1342 1718 1401 sententia,

410 1448 512 1496 qua
546 1430 838 1495 perstringit
872 1446 1033 1478 mores
1063 1428 1138 1478 .P.
1182 1427 1331 1477 Clodi
1356 1427 1550 1477 scilicet
1579 1428 1724 1492 inpu-

409 1514 566 1571 dicos,
602 1514 673 1561 ita
704 1513 919 1560 dicendo
941 1530 952 1560 ε
992 1519 1021 1539 “
1046 1529 1148 1560 non
1171 1512 1328 1561 videri
1351 1511 1510 1559 virum
1529 1511 1724 1559 venisse

411 1605 440 1624 “
464 1613 566 1661 quo
590 1597 682 1645 iste
702 1597 957 1645 venisset.”
994 1596 1150 1650 Quasi
1169 1597 1264 1644 hoc
1286 1594 1724 1660 pronunciaverint

408 1680 495 1744 qui
533 1697 648 1728 eum
689 1679 949 1727 sententiis
989 1679 1092 1727 suis
1133 1680 1478 1736 liberaverunt,
1528 1695 1631 1728 non
1667 1686 1724 1728 ut

406 1763 657 1811 incestum
702 1762 796 1810 sibi
836 1763 1038 1826 probari
1083 1779 1183 1810 non
1221 1763 1446 1827 potuisse
1483 1762 1720 1820 dicerent,

408 1847 499 1894 sed
523 1852 580 1894 ut
599 1846 764 1910 ipsum
786 1846 941 1894 virum
964 1853 1218 1909 negarent.

475 1928 561 1977 UT
598 1944 723 1977 ILLE
761 1945 972 1978 IUDICIO
1017 1945 1282 1979 TAMQUAM
1334 1946 1363 1977 E
1415 1945 1724 1980 NAUFRAGIO

411 2027 585 2061 NUDUS
612 2019 881 2060 EMERSIT.³

477 2094 538 2142 In
563 2094 677 2143 loco
715 2100 766 2142 et
803 2094 1028 2158 ipsorum
1054 2094 1289 2144 Indicum
1326 2096 1617 2161 perstringit
1653 2097 1726 2146 in-

410 2178 625 2234 famiam,
685 2193 905 2242 quorum
950 2178 1202 2226 sententiis
1240 2180 1406 2227 fuerat
1448 2180 1722 2229 absolutus.

413 2261 547 2310 Nam
582 2260 761 2325 partim
802 2267 1003 2310 trecena
1045 2261 1215 2320 millia,
1260 2263 1439 2327 partim
1483 2280 1615 2320 vero,
1653 2279 1724 2311 se-

412 2345 631 2392 cundum
677 2344 938 2409 opiniones
984 2345 1207 2403 aliorum,
1263 2346 1604 2410 quadringena
1646 2363 1724 2394 ac-

414 2428 611 2492 cepisse
636 2428 888 2477 dicuntur.

462 2665 477 2680 ²
500 2661 613 2695 Simssi
627 2662 808 2698 locutione
821 2663 865 2699 de
877 2664 1004 2698 Clodio
1015 2665 1126 2700 utitur
1140 2665 1267 2699 Cicero
1282 2664 1320 2698 in
1333 2663 1432 2698 Orat.
1443 2663 1483 2698 de
1498 2663 1726 2710 Humspicum

412 2705 522 2760 Res-p..
538 2717 645 2742 xvm.
665 2712 686 2727 “
697 2711 752 2744 Te
768 2711 914 2745 Iudices
933 2711 1127 2746 emiserunt
1142 2722 1335 2746 excussum
1352 2713 1389 2746 et
1408 2709 1646 2746 exhaustum:
1661 2720 1727 2744 suo

414 2753 548 2788 iudicio
565 2754 780 2802 absolutum,
804 2757 966 2792 omnium
981 2758 1294 2793 condemnamm.”
