1971 3263
609 331 974 365 DISSERTATIO.
1383 326 1447 363 XV

142 471 172 492 “
197 469 418 512 mentum
442 465 658 528 (Flacci)
683 472 935 529 repertum
957 470 1034 511 est
1059 462 1109 510 in
1134 462 1447 512 Monasterio

143 570 172 589 “
199 563 255 610 S.·
277 563 414 610 Galli
438 581 594 628 prope
621 565 962 612 Constantiam
988 580 1076 611 xx.
1099 562 1319 610 millibus
1338 578 1450 625 pas-

144 667 173 686 “
199 677 360 716 suum,
396 679 495 708 una
535 679 651 709 011111
691 668 831 724 parte
873 662 934 714 Q.
971 661 1183 708 Asconii
1220 659 1448 708 Pediani.

144 765 172 785 “
199 758 341 807 Deus
368 761 613 807 concedat
638 760 797 816 alteri,
832 767 889 807 ut
912 766 1185 823 utrumque
1210 758 1358 821 Opus
1381 774 1452 804 re-

146 865 173 883 “
199 859 357 921 periat
388 859 663 921 perfectum
685 876 695 905 :
746 874 836 905 nos
878 857 1018 919 quod
1058 856 1315 920 potuimus
1355 855 1455 917 egi·

145 963 174 982 ‘⁶
198 974 325 1004 mus.
386 957 622 1021 Poggius
643 956 994 1002 Florentinus.”

210 1054 308 1103 IX.
330 1054 539 1102 Asconii
560 1055 747 1119 scripta
766 1069 881 1102 cum
901 1053 1036 1102 miris
1055 1055 1292 1101 laudibus
1316 1054 1452 1101 docti
1469 1052 1677 1139 Asclgffidssss

145 1154 368 1203 homines
415 1171 612 1218 semper
658 1154 960 1210 extulerunt,
1007 1159 1116 1200 tum
1161 1154 1450 1200 eorumdem
1468 1145 1678 1234 {ffffspfffigfgff

146 1269 376 1315 magnam
416 1260 609 1316 partem
644 1252 940 1300 amissorum
975 1251 1167 1299 infinito
1203 1251 1453 1299 desiderio
1471 1248 1680 1328 {ffiffdeffij

149 1352 499 1415 flagraverunt.
558 1351 757 1399 Auctor
776 1352 1047 1399 Parisiacae
1072 1351 1321 1399 Editionis
1340 1352 1455 1398 anni
1473 1332 1627 1411 ᾖὲζζῇῑζῗὶ

152 1467 324 1499 MDXX.
350 1452 456 1499 haec
481 1452 744 1515 praefatur:
785 1457 814 1477 ‘³
840 1451 922 1498 Ex
947 1451 1179 1498 omnibus
1204 1449 1288 1514 qui
1315 1451 1459 1499 Com·
1473 1435 1574 1458 num.

153 1558 182 1577 “
206 1550 472 1598 mentariar
530 1551 580 1597 in
626 1550 780 1597 libros
829 1549 1086 1597 Ciceronis
1135 1551 1460 1615 scripserunt,

155 1657 183 1677 ‘⁶
208 1667 458 1714 nusquam
490 1666 589 1697 non
615 1649 932 1697 celebrantur
964 1650 1241 1697 doctissimi
1268 1668 1325 1698 ac
1352 1652 1464 1699 dili-

155 1758 183 1777 “
207 1748 484 1814 gentissimi
516 1750 633 1806 duo,
672 1749 931 1797 Asconius
958 1749 1229 1797 Paedianus
1266 1756 1314 1798 et
1338 1751 1462 1799 Fab.

156 1854 184 1873 ‘⁶
208 1846 515 1894 Victorinus.
601 1846 702 1894 Sed
742 1846 1014 1896 Paedianus
1053 1855 1109 1895 ut
1140 1855 1282 1897 aetate
1314 1851 1463 1913 prior,

157 1955 186 1973 “
211 1947 282 1994 ita
306 1947 537 1994 doctrina
560 1948 707 2011 longe
736 1948 977 2011 superior.
1050 1947 1333 2012 Scripserat
1357 1949 1468 2012 qui-

159 2054 187 2072 “
212 2047 324 2094 dem
350 2046 390 2093 is
416 2046 808 2109 elegantissimas
833 2064 890 2094 ac
916 2046 1231 2094 doctissimas
1258 2047 1469 2095 Enarra-

161 2153 189 2171 “
215 2145 374 2192 tiones
400 2145 450 2192 in
475 2145 742 2194 Orationes
762 2146 959 2210 aliquot
980 2146 1053 2193 M.
1073 2146 1345 2204 CiceroniS‚
1367 2147 1470 2210 qui-

87 2254 90 2258 ’
143 2251 189 2281 -“
214 2245 310 2291 bus
346 2244 508 2290 multa
537 2243 778 2291 Veterum
814 2246 1042 2292 instituta
1080 2246 1260 2293 nostris
1298 2247 1472 2309 ignota

162 2349 190 2369 ‘⁴
215 2342 523 2406 temporibus
550 2343 882 2406 pulcherrime
907 2361 964 2391 ac
998 2344 1286 2392 doctissime
1317 2346 1473 2409 expli-

210 2580 223 2595 Υ
247 2577 337 2617 Quae
354 2577 411 2610 1110
423 2577 578 2620 Scriptor
598 2576 684 2610 dicit
697 2577 955 2618 commentaria,
973 2590 1036 2611 nos
1053 2580 1089 2612 in
1103 2582 1223 2613 nostra
1238 2580 1404 2614 Edifi0ue
1422 2581 1474 2614 ‹li-

166 2623 277 2656 cimus
290 2624 585 2656 Commentarius.
635 2623 779 2666 Duplex
795 2625 888 2657 enim
904 2626 1102 2658 terminatio
1116 2629 1151 2658 et
1163 2636 1275 2668 genus
1296 2626 1399 2659 huius
1412 2638 1474 2660 no-

165 2669 280 2702 minis.
328 2670 437 2702 Notat
461 2674 580 2703 tamen
606 2669 764 2703 Isidorus
780 2671 816 2703 in
833 2671 965 2716 Dg'ff'er.
986 2671 1120 2705 Verbor.
1155 2676 1175 2689 ‘⁶
1189 2673 1287 2705 Inter
1303 2672 1475 2707 Commen—

167 2717 187 2732 “
202 2715 308 2748 turios
324 2719 359 2748 et
377 2715 624 2749 Commentaria
642 2716 706 2748 hoc
724 2717 879 2757 interest,
896 2719 989 2760 quod
1008 2719 1259 2751 Commentarii
1272 2719 1361 2759 libri,
1377 2719 1476 2753 Com-

166 2761 333 2795 mentm-ia
349 2762 528 2795 volumina
543 2762 738 2795 dicunturJ’
786 2764 843 2796 Ita
860 2764 965 2796 etiam
981 2765 1140 2798 nonnulli
1163 2765 1319 2798 scribunt
1335 2766 1477 2799 Poeclia-

167 2825 241 2853 nus,
267 2815 349 2857 quia
366 2817 459 2858 apud
474 2816 620 2849 Suidam
637 2817 767 2859 legitur
781 2809 1010 2853 Παιέιανόςε
1038 2818 1102 2852 sed
1124 2818 1228 2863 longe
1254 2819 1477 2853 communius

170 2860 240 2893 vidi
258 2866 467 2905 usurpatum
483 2863 658 2897 Pedianus
673 2863 747 2897 siue
766 2863 995 2907 diphthongo.

832 2941 873 2988 Β
