1918 3254
152 386 368 437 INCIPIT
398 404 466 437 DE
498 406 608 440 AERE
635 406 837 442 ALIENO
874 393 1120 446 MILONIS
1157 412 1456 448 FELICITER.

609 556 991 588 ARGUMENTUM.

738 684 865 691 —-

146 757 266 835 IN
284 795 478 843 eundem
499 810 687 841 anuum.
742 792 1054 843 Consulatum
1074 796 1324 859 petierunt
1352 796 1459 845 An-

143 882 253 928 nius
276 877 423 935 Milo,
443 882 513 925 et²
537 878 614 932 .Q.
638 876 880 924 Metellus
903 876 1087 941 Scipio,
1114 885 1164 927 et
1183 877 1455 943 Hypsaeus.

143 963 260 1017 Quo
285 975 414 1008 anno
449 958 598 1006 etiam
623 957 699 1005 .P.
726 957 940 1007 Clodius
977 959 1201 1010 Pulcher
1228 962 1456 1010 inimicus

140 1043 247 1092 eius
266 1042 316 1090 in
334 1047 565 1107 praeturae
585 1040 851 1088 candidam
869 1042 1111 1090 venerat.b
1178 1043 1319 1091 Idem
1341 1060 1458 1091 cum

139 1125 369 1191 petitioni
391 1123 597 1173 Milonis
617 1123 975 1181 adversaretur,
997 1131 1048 1172 et
1071 1126 1272 1173 comitia
1294 1126 1456 1174 multo

140 1216 192 1257 et
231 1207 368 1256 vario
404 1206 625 1255 ambitus
660 1222 839 1270 genere
875 1207 1116 1266 turbaret,
1156 1225 1260 1272 quo
1299 1209 1456 1273 magis

141 1290 399 1356 Hypsaeus
445 1297 494 1338 et
549 1288 720 1353 Scipio
778 1290 1013 1338 consules
1060 1290 1454 1355 designarentur,

140 1373 271 1422 Milo
305 1378 474 1420 autem
507 1370 762 1435 repulsam
796 1371 976 1433 ferret3
1011 1391 1101 1438 per
1122 1375 1215 1423 hos
1241 1375 1350 1423 dies
1386 1392 1457 1422 se·

137 1462 288 1504 natus
313 1460 620 1503 convocatus
646 1463 752 1502 est:
790 1460 912 1518 aput
934 1472 1085 1519 quem
1112 1455 1188 1505 .P.
1216 1457 1455 1506 Clodiuse

136 1538 464 1587 invectionem
503 1536 599 1584 sibi
633 1553 733 1584 non
767 1541 961 1584 tantum
998 1543 1172 1586 contra
1207 1539 1454 1588 Milonem

135 1636 308 1668 verum
331 1619 480 1667 etiam
504 1624 679 1667 contra
703 1618 870 1681 ipsum
895 1619 986 1667 .M.
1012 1619 1237 1669 Tullium
1277 1629 1454 1670 contu-

133 1703 394 1751 meliosam
418 1708 573 1766 atque
610 1717 839 1765 asperam
876 1701 1192 1766 depoposcit,
1217 1709 1275 1751 ut
1297 1705 1452 1753 ambi-

132 1793 240 1834 tum
262 1785 447 1832 moveri
470 1784 532 1832 ab
554 1800 613 1832 eo
638 1783 840 1841 diceret,
865 1784 1103 1848 quoniam
1134 1786 1308 1833 inultis
1332 1803 1452 1850 erga

134 1883 292 1932 remp.
333 1867 522 1915 meritis
559 1867 867 1931 praevaleret.
949 1867 1064 1914 Vim
1101 1868 1265 1915 moliri
1301 1868 1449 1917 etiam

133 1967 224 2014 per
246 1956 461 1997 armatos
491 1949 715 1997 homines
749 1949 1107 1998 criminaretur.
1180 1951 1265 1999 Ad
1290 1959 1450 1999 extre-

180 2164 363 2198 ²Desunt
375 2164 489 2209 prima
501 2163 714 2208 Arg-umenti
729 2163 861 2197 verba’
851 2174 889 2196 in
905 2163 1052 2204 Codice,
1064 2163 1188 2197 relicto
1202 2164 1326 2209 spatio.
1352 2165 1446 2200 Haec

129 2221 196 2246 nos
212 2211 454 2255 supplevimus
468 2222 514 2244 ex
526 2210 750 2253 Argumento
763 2209 910 2244 Asconii
921 2209 968 2243 ad
980 2209 1229 2253 Mihmianam,
1245 2211 1308 2244 ubi
1318 2211 1445 2246 eadem

129 2238 682 2338 nagraCtbunficrmongltssZtslcbffiiOgtiz
674 2301 877 2347 upradicto
890 2302 1113 2347 Argumento
1126 2302 1171 2336 ad
1185 2302 1441 2338 Milonianam·
1433 2331 1442 2339 .

129 2350 152 2368 ‘⁴
177 2350 222 2385 In
234 2350 390 2384 eundem
404 2361 537 2383 annum
549 2349 783 2383 Consulatum
793 2349 898 2390 Milo,
910 2349 1058 2383 Clodius
1069 2349 1266 2384 Praeturam
1275 2350 1443 2394 petebat:

129 2396 152 2414 “
177 2407 285 2441 quam
301 2396 456 2430 debilem
472 2397 627 2430 futuram
643 2396 798 2430 Consule
818 2395 956 2429 Milone
973 2395 1226 2439 intelligebat.”

176 2443 254 2477 ²=.P
282 2443 429 2477 Clodius
458 2443 598 2476 videtur
628 2443 747 2486 aliqua
775 2442 986 2486 eloquentiae
1009 2442 1116 2475 laude
1139 2442 1311 2476 floruisse.
1346 2443 1442 2478 Nam

129 2487 273 2533 (praeter
288 2489 364 2523 eius
381 2490 581 2523 Conciones
599 2487 657 2523 hic
670 2493 706 2522 et
722 2490 757 2522 in
774 2488 863 2522 Orat
878 2488 1056 2533 superiore
1073 2499 1094 2521 a
1109 2488 1211 2522 nobis
1228 2489 1336 2532 edita,
1353 2494 1390 2523 et
1404 2491 1442 2523 in

130 2536 397 2570 Commentario
413 2547 521 2581 quem
536 2547 601 2570 nos
613 2536 700 2569 item
711 2546 806 2570 nunc
823 2535 962 2569 edimus
977 2535 1023 2568 ad
1038 2535 1137 2568 Orat.
1162 2545 1226 2579 pro
1241 2535 1389 2569 Plancio
1406 2547 1439 2569 n.

128 2584 187 2616 77.
212 2583 522 2626 commemoratas)
545 2585 664 2617 narrat
686 2582 864 2616 Asconius
887 2581 934 2615 ad
958 2581 1057 2615 Orat.
1073 2581 1110 2615 in
1125 2580 1224 2627 Toga
1237 2580 1390 2616 Candida
1405 2592 1440 2626 p.

131 2630 208 2662 145.
234 2629 278 2662 ab
302 2640 345 2663 eo
370 2630 595 2663 adolescente
612 2632 820 2663 accusatum
836 2628 1038 2662 Catilinam.
1084 2628 1180 2662 Tum
1198 2627 1231 2660 V
1233 2628 1356 2662 elleius
1373 2628 1440 2661 Pa-

130 2674 287 2708 terculus
311 2675 390 2709 Lib.
419 2685 457 2709 ιι.
479 2687 545 2720 cap
570 2679 626 2711 45.
654 2675 794 2710 scribit.
831 2675 910 2709 “.P
935 2674 1094 2716 Clodius,
1109 2674 1216 2709 homo
1230 2674 1370 2715 nobilis,
1386 2675 1440 2707 di-

130 2720 152 2737 “
176 2723 302 2761 scitus,
325 2722 456 2764 audax,
484 2722 616 2767 quique
638 2722 780 2759 dicendi
802 2732 918 2768 neque
937 2700 1094 2757 faciendi
1112 2721 1226 2756 ullum
1250 2720 1316 2755 nisi
1330 2731 1438 2766 quem

126 2766 150 2783 ‘⁶
175 2767 290 2810 vellet,
307 2771 429 2803 nosset
443 2769 600 2803 modum.
605 2769 624 2787 ''
