1971 3263
454 270 487 312 6
931 264 1032 299 PRO
1073 262 1285 298 scAURO.

456 369 592 421 noto,
632 379 732 411 non
771 360 911 424 quod
946 358 1057 406 levi.
1128 358 1360 406 Etiamne
1397 354 1596 404 Valerio
1633 358 1761 402 teste

455 446 668 511 primam
714 442 960 490 actionem
1007 439 1303 487 confecisti?
1360 438 1447 501 qui
1489 436 1645 502 patris
1686 434 1762 483 tui

456 526 700 576 beneficio
740 523 939 571 civitate
971 523 1188 569 donatus
1223 521 1433 583 gratiam
1455 520 1548 567 tibi
1570 536 1669 567 non
1694 518 1764 565 in·

459 608 704 657 lustribus
746 605 938 661 officiis,
988 604 1078 651 sed
1117 602 1378 652 manifesto
1423 602 1648 664 peiurioa
1696 616 1768 647 re-

459 689 589 738 tulit.
662 687 815 741 Quod
854 686 894 732 si
931 691 981 732 te
1016 686 1203 733 omen*
1236 683 1450 734 nominis
1486 682 1635 730 vestri
1671 683 1769 730 for-

460 780 510 821 te
551 771 712 827 duxit,
753 785 844 817 nos
886 774 1051 816 tamen
1084 767 1138 815 id
1175 783 1314 815 more
1350 765 1609 821 maiorum,
1652 764 1771 828 quia

462 857 683 903 faustum
722 857 978 916 putamus,
1020 864 1122 897 non
1165 850 1232 896 ad
1269 847 1555 912 perniciem,
1598 861 1771 893 verum

464 938 531 985 ad
556 936 770 984 salutem
793 934 1195 996 interpretamur.
1267 930 1369 977 Sed
1395 929 1554 977 omnis
1577 928 1675 976 ista
1697 944 1774 976 ce-

465 1019 635 1068 leritas
664 1035 722 1065 ac
752 1015 1016 1072 festinatio,
1051 1013 1191 1077 quod
1222 1011 1606 1076 inquisitionem,
1633 1010 1774 1074 quod

466 1103 684 1168 priorem
727 1100 1005 1148 actionemc
1055 1095 1319 1152 sustulisti,
1367 1095 1493 1142 illud
1538 1091 1775 1158 patefecit

524 1304 551 1330 '³⁴²
584 1303 793 1346 scholium
812 1303 980 1345 minutis
1001 1301 1235 1344 rudioribus
1255 1300 1413 1342 litteris.

526 1377 668 1431 Aputb
700 1377 880 1431 antiquos
912 1391 1021 1416 omn.
1044 1407 1053 1415 .
1076 1407 1086 1416 .
1111 1406 1119 1414 .
1139 1389 1224 1414 mos
1238 1373 1350 1429 suit,
1382 1379 1424 1412 ut
1442 1371 1565 1413 etiam
1584 1387 1632 1412 ex
1653 1371 1781 1411 nomi-

470 1448 588 1490 nibus
617 1457 864 1489 sumerentur
892 1446 1082 1500 auspicia.
1143 1445 1264 1486 Unde
1286 1452 1384 1500 aput
1404 1460 1472 1486 eos
1493 1444 1633 1487 consul
1653 1446 1784 1486 factus

471 1521 504 1562 si
535 1521 732 1576 coepisset
758 1520 945 1575 colligere
968 1519 1110 1560 milites
1131 1527 1171 1560 et
1191 1534 1339 1560 novum
1359 1519 1432 1559 sibi
1452 1519 1668 1561 exercitum
1689 1518 1783 1559 scri-

470 1596 580 1646 here,
601 1593 806 1636 laborabat
823 1601 866 1633 ut
886 1593 970 1634 haec
990 1593 1072 1633 duo
1090 1592 1251 1633 nomina
1271 1592 1397 1646 prima
1418 1592 1647 1634 induceret:
1693 1599 1732 1632 et
1751 1590 1783 1632 si

471 1682 553 1708 non
572 1667 735 1708 fuissent
749 1667 808 1706 his
825 1665 1051 1708 nominibus
1071 1665 1263 1717 homines,
1279 1666 1540 1720 tingebantur.
1601 1665 1783 1707 Necesse

475 1739 582 1781 enim
609 1748 691 1780 erat
716 1747 761 1780 ut
786 1740 870 1780 haec
892 1738 1052 1779 nomina
1073 1738 1198 1793 prima
1220 1747 1350 1779 essent
1370 1738 1408 1778 in
1427 1738 1606 1780 exercitu
1626 1746 1788 1793 propter

476 1827 609 1864 omen,
631 1811 829 1862 Valerius,
859 1812 1066 1853 Statorius.
1129 1812 1199 1853 Ex
1220 1811 1360 1854 Valeri
1380 1819 1511 1853 autem
1531 1811 1689 1852 nomine
1707 1813 1786 1853 hoc

478 1901 599 1926 omen
627 1885 853 1925 trahebatur
883 1893 927 1925 ut
955 1887 1100 1926 valeret
1122 1884 1333 1938 exereitus,
1355 1902 1403 1927 ex
1427 1885 1573 1926 Statori
1593 1894 1638 1925 ut
1657 1892 1786 1926 staret.

480 1958 597 2003 Dicit
615 1956 761 2001 Cicero
779 1974 789 1999 ε
823 1959 923 1998 forte
943 1966 984 1998 tu
1005 1957 1094 1998 ideo
1114 1959 1289 2013 primum
1309 1967 1449 2000 testem
1470 1958 1655 1999 induxisti
1674 1957 1789 2000 illum

479 2040 645 2087 propter
665 2046 797 2082 omen,
821 2039 864 2071 ut
890 2033 1034 2072 valeret
1061 2039 1279 2073 accusator.
1340 2032 1396 2073 Et
1416 2032 1603 2088 quoniam
1620 2033 1697 2073 hoc
1718 2047 1790 2073 no-

480 2120 574 2146 men
594 2106 769 2146 faustum
787 2120 944 2160 semper
963 2120 985 2145 a
1005 2104 1220 2147 maioribus
1240 2114 1436 2160 putatum,
1456 2107 1504 2147 ad
1524 2108 1690 2147 salutem
1708 2121 1792 2147 ma-

481 2178 540 2233 gis
562 2179 706 2219 debere
728 2179 870 2230 valere,
887 2193 966 2218 non
986 2179 1034 2219 ad
1055 2178 1282 2234 perniciem.

535 2379 550 2395 ³
577 2376 611 2410 A
636 2376 749 2421 peiero
757 2376 938 2423 peiurimn.
987 2378 1125 2422 Pagina
1140 2382 1172 2413 3.
1189 2381 1308 2413 tamen
1320 2379 1481 2425 periurio.

534 2421 549 2442 b
574 2422 670 2468 Aput
684 2434 746 2466 pro
759 2424 848 2469 apud
860 2427 1062 2458 constanter
1074 2426 1145 2459 fere
1158 2426 1237 2468 lego
1249 2426 1284 2459 in
1300 2425 1366 2459 hoc
1379 2428 1415 2458 ct
1427 2425 1502 2458 aliis
1515 2425 1667 2469 antiquis
1681 2425 1796 2459 Codd.

536 2473 550 2489 ⁰
574 2469 714 2502 Iudicia
731 2480 833 2513 paene
847 2470 965 2503 omnia
982 2471 1075 2514 apud
1092 2482 1255 2507 romanos
1267 2471 1303 2506 in
1317 2471 1405 2504 duas
1421 2472 1577 2504 actiones
1592 2472 1799 2505 divideban-

489 2517 558 2548 tur.
607 2514 787 2559 Siquidem
806 2516 863 2548 lex
881 2520 965 2555 crat,
983 2520 1023 2550 ut
1039 2520 1118 2561 post
1135 2517 1282 2561 primam
1300 2517 1476 2551 actionem
1501 2519 1657 2552 secunda
1679 2521 1799 2562 posset

490 2561 639 2601 institui,
656 2562 691 2594 in
709 2573 779 2605 qua
794 2562 919 2596 iterun]
939 2565 1020 2596 acta
1036 2566 1155 2606 causa,
1174 2564 1317 2596 demum
1334 2564 1509 2598 sententia
1525 2564 1677 2598 ferretur.
1705 2564 1798 2598 Utri-

491 2617 605 2650 usque
623 2609 827 2651 exemplum
843 2611 897 2641 est
913 2609 948 2641 in
966 2609 1134 2644 Veri-inis.
1182 2610 1276 2643 Nam
1293 2612 1371 2653 post
1388 2610 1535 2653 primam
1549 2611 1724 2644 actionem
1736 2610 1799 2643 fin-

493 2654 546 2696 git
563 2653 686 2686 Cicero
705 2655 826 2687 adesse
843 2655 880 2688 in
895 2654 1027 2688 iudicio
1044 2656 1191 2689 Verrem
1209 2656 1570 2699 comperendinatum,
1595 2656 1745 2701 ideoque
1762 2657 1799 2692 in

494 2708 579 2731 eum
595 2700 787 2733 secundam
806 2701 982 2734 actionem
997 2701 1149 2735 intendit
1164 2702 1319 2746 quinque
1336 2702 1431 2736 libris
1455 2706 1687 2738 constantem.
1736 2702 1799 2740 Vi-

495 2744 635 2779 dendus
650 2745 814 2790 Sigonius
830 2747 874 2782 de
890 2747 1038 2784 Iudiciis
1053 2748 1133 2784 Lib.
1150 2758 1187 2784 ιι.
1202 2760 1278 2796 cap.
1295 2757 1375 2784 xm.
1392 2759 1471 2786 xxr.
