1971 3263
692 516 1098 566 EDITORIS
1142 516 1542 569 MONITUM.

1054 676 1181 684 ——-——-

1054 687 1182 699 —

527 794 810 836 TULLJANAE
844 795 1135 838 ORATIONIS
1164 795 1207 836 in
1230 793 1433 836 Clodium
1464 797 1509 835 et
1538 792 1773 836 Curionem

458 882 599 924 pauca
617 870 741 910 verba
761 870 803 910 in
826 867 1111 922 Editionibus,
1141 869 1215 910 sed
1240 868 1449 909 uberrima
1479 868 1674 909 memoria
1702 880 1774 909 ea:-

464 947 539 982 tat.
598 941 803 984 Laudant
821 944 931 983 enim
949 956 1004 984 ex
1025 957 1074 984 ea
1093 942 1201 984 locos
1221 941 1378 997 aliquot
1400 939 1569 982 Nonius
1589 939 1776 982 Mareel-

466 1014 530 1056 lus
549 1021 590 1055 et
615 1014 917 1069 Quintilianus,
940 1030 1041 1071 quos
1060 1017 1152 1056 vide
1171 1016 1226 1056 sis
1247 1016 1291 1056 in
1313 1014 1582 1070 Fragmentis
1606 1012 1777 1056 Oratio·

465 1089 530 1129 nis
558 1088 657 1130 olim
685 1089 818 1129 editis.
881 1087 1078 1129 Meminit
1107 1089 1194 1129 eius
1224 1088 1347 1129 etiam
1376 1093 1515 1128 noster
1543 1085 1778 1142 Interpres‚

466 1176 588 1217 quem
616 1175 724 1203 nunc
752 1163 925 1214 edimus,
957 1163 1014 1202 ad
1043 1160 1165 1203 Orat.
1198 1159 1243 1200 in
1272 1159 1518 1202 Vatinium.
1585 1158 1782 1201 Clodiani

466 1242 605 1276 autem
634 1235 784 1290 stupri,
817 1236 929 1290 quod
950 1235 1206 1275 occasionem
1236 1233 1420 1288 praebuit
1451 1232 1548 1274 huie
1582 1231 1781 1274 Orationi

466 1309 708 1360 scribendae,
737 1309 942 1349 sexcentis
971 1309 1013 1348 in
1039 1307 1138 1348 Iocis
1169 1307 1353 1348 meminit
1376 1304 1535 1348 Cicero.
1607 1305 1724 1360 Vide,
1742 1306 1783 1348 si

467 1380 592 1434 Iubet,
643 1379 698 1421 de
739 1379 987 1421 Provinciis
1035 1379 1350 1421 consularibus
1394 1393 1445 1421 X.
1487 1379 1532 1420 in
1571 1378 1779 1421 Pisonem

467 1468 656 1496 XXXIX.
717 1452 1001 1494 paradoxum
1032 1467 1102 1507 IV,
1138 1459 1177 1494 et
1204 1454 1366 1509 passim
1395 1466 1476 1508 pro
1505 1451 1652 1494 Domo
1685 1467 1779 1507 sua,

467 1527 521 1568 de
557 1525 853 1583 Haruspicum
885 1525 1143 1583 Responsis‚
1167 1533 1206 1568 et
1239 1540 1321 1583 pro
1352 1525 1541 1579 Milone,
1577 1540 1670 1581 quae
1697 1532 1780 1583 tres

471 1600 695 1643 Orationes
732 1614 931 1656 magnam
967 1600 1100 1642 lucem
1138 1599 1356 1656 affundunt
1391 1599 1489 1640 huie
1531 1599 1698 1641 ineditoe
1734 1598 1780 1640 in

467 1673 671 1716 Clodium
693 1678 737 1714 et
752 1672 1005 1714 Curionem.
1066 1671 1151 1713 Sed
1164 1686 1367 1728 nusquam
1383 1671 1634 1713 enucleatius
1655 1686 1778 1728 quam

467 1751 511 1790 in
530 1748 635 1788 libro
654 1746 699 1789 Ι.
762 1745 1056 1801 Epistolarum
1080 1746 1136 1786 ad
1157 1744 1351 1787 Atticum
1369 1759 1433 1786 res
1455 1750 1540 1786 tota
1564 1745 1781 1787 evolvitur.

468 1821 588 1863 Nam
621 1819 762 1877 Epist.
783 1833 887 1861 XII.
918 1820 979 1861 ait
1011 1818 1183 1861 Cicero.-
1228 1820 1254 1843 “
1276 1818 1338 1860 P.
1364 1816 1556 1860 Clodium
1574 1816 1712 1874 Appii
1729 1818 1781 1860 F.

469 1896 497 1920 ‘⁶
517 1895 637 1936 credo
657 1900 695 1935 te
715 1894 879 1934 audisse
897 1906 993 1934 cum
1012 1898 1123 1934 veste
1148 1892 1342 1933 muliebri
1361 1892 1654 1946 deprehensum
1674 1880 1789 1933 domi

469 1969 498 1992 ‘⁴
524 1966 572 2009 C.
597 1966 790 2020 Coesaris,
811 1981 904 2008 eum
923 1967 1172 2022 sacrificium
1184 1979 1266 2021 pro
1281 1965 1441 2021 populo
1446 1966 1587 2023 fieret,
1609 1978 1782 2021 eumque

469 2041 499 2065 ‘⁶
514 2055 595 2096 per
613 2055 758 2081 manus
778 2040 953 2081 servulae
972 2045 1181 2080 servatum
1201 2045 1240 2079 et
1260 2038 1451 2080 eductum
1461 2056 1482 2089 ,·
1511 2052 1598 2079 rem
1618 2052 1703 2079 esse
1721 2038 1782 2080 in-

469 2115 499 2138 “
518 2115 636 2170 signi
665 2112 886 2170 infamia.’'
933 2112 1058 2154 Tum.
1082 2111 1224 2168 Epist.
1247 2124 1377 2153 XIII.
1438 2112 1467 2135 “
1489 2108 1623 2153 Credo
1650 2117 1690 2152 te
1709 2125 1782 2153 au·

470 2189 499 2212 ‘⁶
519 2188 641 2240 disse,
656 2201 751 2229 cum
769 2187 886 2242 apud
900 2184 1109 2228 Caesarem
1121 2199 1205 2241 pro
1219 2184 1379 2241 populo
1394 2184 1782 2244 sacrficiumfieret,

471 2264 500 2286 ‘⁴
521 2263 679 2303 venisse
700 2276 747 2303 eo
776 2261 974 2302 muliebri
1002 2261 1150 2302 vestitu
1179 2260 1318 2301 virum
1331 2277 1351 2310 ,·
1387 2259 1508 2315 idque
1537 2258 1784 2316 sacrficium

470 2337 500 2361 ‘⁶
521 2350 614 2377 eum
633 2333 829 2391 Virgines
848 2336 1158 2388 instaur-assent,
1179 2333 1424 2375 mentionem
1442 2346 1468 2372 a
1490 2330 1544 2381 Q.
1565 2329 1785 2390 Cornificio

472 2411 500 2435 ‘⁴
522 2411 565 2451 in
590 2415 735 2450 senatu
746 2410 934 2464 saetam.-
959 2413 1108 2464 postea
1129 2421 1216 2448 rem
1245 2419 1300 2448 ex
1327 2410 1492 2446 senatus
1520 2403 1704 2444 consulto
1732 2405 1789 2445 ad

472 2484 502 2508 ‘⁶
515 2483 732 2539 pontffiees
760 2481 948 2535 relatam,
973 2482 1096 2538 idque
1125 2482 1178 2522 ab
1211 2480 1261 2521 iis
1291 2479 1405 2533 nefas
1431 2492 1515 2518 esse
1545 2477 1782 2519 decretum:

472 2557 502 2581 “
523 2557 667 2598 deinde
697 2569 752 2597 ex
779 2561 947 2596 senatus
972 2553 1158 2597 consulto
1187 2551 1371 2594 consules
1401 2551 1661 2608 rogationem
1681 2565 1782 2607 pro-

471 2630 502 2654 “
522 2629 731 2686 mulgasse
744 2648 764 2681 ;
838 2622 976 2670 Uxori
1033 2626 1242 2670 Coesarem
1289 2625 1482 2666 nuntium
1531 2622 1782 2665 remisisse.”

474 2702 721 2746 Historiam
749 2702 1038 2745 controversiae
1062 2703 1106 2743 in
1133 2706 1279 2744 senatu
1307 2705 1411 2742 actae
1425 2699 1615 2755 pertexit
1638 2696 1785 2741 Cicero
