1971 3263
619 296 986 332 DISSERTATIO.
1396 288 1468 338 xli

157 409 356 464 peccato
400 401 534 464 apud
585 399 830 466 Cangium
866 420 928 450 ex
964 401 1208 466 Magistro
1229 403 1465 467 Rogerio.

167 516 512 549 HUMILITARE
541 502 703 549 activa
726 503 931 566 quidem
967 504 1121 550 forma
1142 503 1316 550 nullibi
1345 503 1464 560 vidi,

164 602 252 650 Sed
263 601 535 649 humile'tari
552 601 750 665 passiva
764 602 898 664 apud
917 603 1129 648 eunden]
1147 602 1388 665 Cangium
1402 619 1465 650 ex

164 699 354 748 Fausto
398 699 644 764 Regiensi.
719 701 869 755 Quod
905 701 1056 763 siquis
1079 709 1219 764 roget
1255 703 1377 765 quid
1402 703 1468 750 de

161 801 240 850 his
272 781 493 857 vocibus,
531 818 658 864 quas
702 801 749 847 in
787 807 957 848 nostro
998 799 1278 863 Interprete
1312 801 1466 848 offen-

163 900 339 958 dimus,
365 900 687 948 statuendum
706 899 951 955 videatur,
965 900 1154 963 duplex
1174 907 1340 964 potest
1355 916 1464 947 esse

158 999 434 1063 responsio.
513 998 660 1046 Prior
693 998 914 1062 quidem,
950 1016 1049 1047 non
1077 1000 1316 1047 continuo
1340 1000 1465 1048 iudi-

158 1099 323 1148 canda
346 1116 454 1147 esse
472 1098 713 1146 vocabula
729 1099 956 1155 barbara,
975 1098 1127 1161 siqnae
1146 1099 1223 1145 rel
1245 1116 1273 1145 a
1289 1099 1462 1148 lexicis

157 1199 333 1247 veteris
367 1198 623 1246 latinitatis
655 1199 851 1255 absunt,
890 1199 966 1245 vel
997 1201 1135 1262 apud
1161 1199 1462 1247 recentiores
1498 1249 1504 1261 ³

158 1305 351 1347 tantum
372 1299 640 1363 scriptores
658 1299 758 1346 huc
777 1315 938 1361 usque
961 1305 1269 1363 supererant.
1328 1298 1463 1347 Nam

157 1404 348 1447 certum
387 1404 477 1455 est,
511 1397 739 1462 plurimis
776 1397 968 1445 amissis
1000 1397 1214 1460 antiquis
1245 1397 1460 1462 scriptis,

158 1497 317 1545 multa
356 1513 561 1560 quoque
592 1513 708 1544 cum
730 1496 789 1543 iis
821 1497 1065 1545 vocabula
1093 1497 1311 1560 periisse,
1349 1515 1462 1560 quae

156 1596 358 1661 prodire
381 1612 471 1660 par
490 1603 581 1651 est,
601 1596 851 1658 siquando
866 1595 1076 1658 aliquod
1096 1612 1160 1642 ex
1184 1596 1242 1643 iis
1263 1596 1464 1661 scriptis

157 1695 432 1762 deperditis
457 1696 507 1743 in
529 1696 696 1743 lucem
722 1695 1010 1744 reducatur.
1079 1695 1214 1742 Tum
1242 1695 1339 1758 ipsi
1357 1697 1466 1744 bar-

155 1797 260 1847 bari
299 1797 550 1846 Auctores
589 1812 721 1858 saepe
761 1794 907 1842 bonis
942 1793 1198 1842 vocabulis
1234 1801 1462 1853 utuntur,

156 1913 268 1962 quae
306 1903 473 1945 tamen
517 1894 749 1943 sublestae
791 1894 908 1942 fidei
949 1900 1154 1942 eatenus
1199 1895 1461 1954 habentur,

158 2003 406 2062 quatenus
431 2013 490 2043 ea
511 1996 651 2060 apud
674 1995 768 2042 hos
798 2000 994 2041 tantum
1017 1993 1263 2056 leguntur.
1334 1995 1462 2044 Haec

155 2097 306 2161 igitur
339 2095 564 2160 quinque
595 2094 854 2151 vocabula,
893 2093 996 2141 sive
1020 2110 1133 2157 quae
1156 2094 1336 2142 nullibi
1360 2095 1464 2143 huc

155 2215 321 2261 usque
336 2197 631 2256 exstabant3
670 2195 772 2243 sive
792 2212 906 2258 quae
925 2194 1057 2258 apud
1083 2194 1337 2258 sequiores
1360 2201 1465 2243 tan-

157 2305 264 2347 tum
287 2303 520 2345 auctores
557 2295 916 2354 occurrebant3
965 2293 1201 2358 quoniam
1237 2311 1351 2341 cum
1383 2311 1466 2342 an-

156 2399 299 2463 tiquo
325 2397 579 2461 Scriptore
613 2395 874 2460 deperdito
914 2410 1023 2441 sese
1058 2409 1191 2441 nunc
1224 2394 1461 2457 produnt,

155 2515 227 2556 ea,
248 2498 465 2561 inquam,
485 2497 537 2544 in
554 2495 732 2544 veteris
749 2493 1004 2542 latinitatis
1023 2493 1189 2541 lexica
1206 2495 1464 2543 referenda

155 2596 401 2646 videntur.
470 2596 531 2644 Id
560 2595 684 2644 sicui
709 2594 871 2642 minus
896 2570 1076 2658 placet,
1104 2592 1309 2641 alteram
1335 2593 1462 2642 acci-

155 2695 264 2761 piat
283 2695 658 2761 responsionem
683 2712 746 2742 ex
780 2694 1041 2742 Hadriano
1067 2692 1348 2741 Cardinalia
1371 2693 1459 2757 qui

260 2860 275 2902 ἓ
299 2856 356 2890 Dc
372 2855 614 2891 Modislatinc
631 2855 809 2900 loquendi.
857 2854 1017 2888 Coloniae
1040 2862 1204 2887 mnxxix.
1222 2864 1256 2897 p.
1272 2855 1351 2887 245.
