1918 3254
678 442 1086 495 EDITORIS
1127 442 1312 496 MON
1308 444 1349 495 Ι
1349 444 1532 497 TUM.

1038 572 1165 579 ,-.---.

445 651 675 697 PRAETER
703 655 806 697 duos
836 655 1143 713 Palimpsestos
1171 658 1492 714 antiquissimos,
1527 670 1582 700 ex
1610 659 1760 715 quibus

443 725 525 767 ego
544 712 676 753 multa
693 711 862 755 Inedita
882 721 969 755 tum
992 713 1218 767 Ciceronis,
1239 721 1327 756 tum
1346 716 1484 767 etiam,
1501 720 1547 755 ut
1565 718 1762 764 arbitror,

442 768 621 810 Asconii
648 771 766 811 emisi
776 789 795 821 ,·
832 785 987 827 magna
1018 772 1208 827 quaedam
1236 772 1297 812 vis
1332 771 1624 813 Tullianorum
1651 772 1763 814 codi-

443 838 538 866 cum
568 827 609 865 in
637 826 924 868 Ambrosianis
942 827 1099 882 pluteis
1128 827 1350 870 delitescit:
1381 842 1482 883 quos
1504 842 1581 883 ego
1605 829 1764 870 codices

444 882 717 923 tumultuario
746 885 911 939 quidem
947 899 1085 939 opere,
1122 885 1195 925 sed
1230 890 1367 925 tamen
1404 898 1543 926 omnes
1582 887 1762 927 excussi.

441 937 586 993 Atque
607 939 663 991 Izi,
686 954 767 980 uno
786 941 852 981 vel
875 941 1003 982 altero
1023 947 1210 996 excepto,
1238 947 1418 983 recentes
1438 947 1549 994 sunt,
1574 943 1685 983 intra
1703 943 1764 983 vi-

443 995 588 1036 delicet
606 1009 736 1036 XIII.
751 1003 791 1038 et
809 1011 916 1038 XVI.
933 998 1131 1039 saeculum
1150 999 1328 1039 exarati.
1389 996 1602 1039 Ciceronis
1618 1000 1763 1053 deper-

441 1051 530 1092 dita
555 1051 714 1107 Opera,
735 1060 809 1094 aut
827 1054 1072 1095 lacunarum
1090 1053 1401 1108 Supplementa,
1415 1055 1497 1094 nisi
1514 1055 1617 1095 milii
1635 1054 1764 1097 Deus

442 1108 595 1162 aliquis
612 1115 786 1151 mentem
802 1111 986 1163 abstulit,
1004 1110 1119 1151 nulla
1138 1111 1176 1150 in
1191 1112 1254 1151 his
1272 1110 1535 1165 deprehendi.
1586 1110 1765 1152 Horum

442 1178 554 1219 saepe
571 1167 785 1221 margines
798 1166 1035 1220 plenissimi
1051 1167 1427 1217 scholiorumsunt,
1445 1180 1539 1220 quoe
1560 1167 1669 1207 docti
1683 1168 1767 1208 viri

440 1220 708 1276 singulorum
727 1224 913 1264 codicum
933 1223 1091 1264 domini
1104 1225 1147 1263 in
1160 1223 1377 1277 privatum
1390 1235 1510 1262 usum
1530 1221 1765 1264 elaborave-

442 1284 554 1319 runt.
626 1278 667 1320 V
665 1293 781 1320 erum
812 1281 1012 1321 eiusmodi
1040 1293 1239 1321 novorum
1269 1279 1482 1320 homiuum
1499 1280 1642 1335 scetus
1673 1279 1767 1322 luce

443 1333 652 1375 donandos
673 1349 752 1375 non
771 1337 925 1376 censui.

498 1389 569 1432 Ab
589 1391 666 1431 hac
695 1393 971 1433 recentiorum
992 1390 1207 1444 Codicum,
1238 1398 1284 1433 ut
1308 1393 1367 1433 ita
1394 1392 1542 1445 dicam,
1572 1392 1764 1448 colluvie,

442 1447 545 1487 duos
572 1449 835 1502 excipiendos
853 1449 959 1490 diri.
1017 1446 1173 1503 Atque,
1205 1455 1252 1490 ut
1271 1450 1320 1490 de
1334 1450 1475 1504 primo
1495 1463 1604 1496 nunc
1621 1464 1764 1506 agam,

442 1504 478 1543 is
505 1510 565 1543 est
597 1502 742 1545 Codex
774 1503 813 1546 C
836 1504 906 1545 29.
932 1511 1047 1561 part.
1083 1507 1157 1560 inf
1187 1507 1491 1558 membraneus,
1521 1508 1766 1549 venerandae

435 1572 613 1613 prorsus
624 1567 722 1616 post
738 1561 1026 1617 palimpsestos
1045 1563 1319 1618 antiquitatis,
1340 1562 1487 1603 saeculi
1507 1564 1675 1604 circiter
1694 1577 1764 1616 X„

444 1617 487 1656 in
509 1631 589 1672 quo
609 1623 692 1658 tres
718 1618 848 1659 Libri
875 1618 929 1659 de
947 1617 1128 1671 Officiis,
1159 1618 1430 1660 Catilinariae
1451 1625 1631 1674 quatuor
1653 1619 1765 1662 Ora-

442 1674 587 1726 tiones,
622 1681 709 1715 tum
747 1688 826 1730 pro
860 1675 1094 1727 Marcello,
1128 1690 1207 1730 pro
1240 1675 1439 1732 Ligario,
1469 1682 1515 1727 „et
1544 1690 1625 1732 pro
1658 1690 1766 1732 rege

443 1729 662 1771 Deiotaro
675 1728 951 1773 continentur.
1013 1731 1076 1773 Et
1087 1733 1237 1787 priora
1254 1733 1419 1787 quidem
1439 1731 1584 1787 Opera
1596 1734 1769 1775 adnota-

444 1786 573 1828 tiones
588 1787 715 1828 nullce
730 1790 980 1830 comitantur
992 1806 1004 1830 .·
1035 1803 1177 1830 verum
1186 1795 1341 1844 quarta
1356 1788 1618 1830 Catilinaria
1633 1795 1673 1830 ct
1684 1795 1768 1831 tres

447 1841 672 1885 Orationes
683 1845 854 1899 reliquae
870 1846 1021 1886 habent
1037 1845 1206 1886 Scholia
1219 1846 1406 1900 quaedam
1419 1846 1608 1900 margini
1621 1845 1766 1900 adlita,

442 1915 622 1956 quorum
643 1907 729 1941 tum
749 1903 959 1956 scriptura
987 1903 1124 1943 textui
1140 1908 1348 1943 coaetanea
1370 1908 1444 1953 est,
1473 1907 1561 1941 tum
1581 1900 1768 1944 latinitas

443 1960 504 2000 ita
515 1971 645 2012 pura,
672 1964 718 1998 nt
734 1972 781 1998 ea
795 1958 960 1999 saeculis
976 1959 1165 1999 barbaris
1178 1972 1358 2013 prorsus
1373 1959 1504 1999 tribui
1523 1972 1604 1999 non
1615 1960 1765 2014 possit.

443 2014 585 2057 Immo
608 2014 712 2054 milii
735 2014 855 2054 stilus
877 2014 1141 2056 Asconianus
1168 2016 1344 2056 videtur.
1410 2015 1555 2064 Quare
1579 2017 1772 2070 suspicor

444 2072 535 2113 hoec
557 2070 724 2111 Scholia
748 2072 872 2121 (item
902 2076 947 2112 ut
973 2085 1021 2112 ea
1041 2085 1133 2126 quae
1154 2073 1210 2112 ad
1231 2071 1477 2114 Orationem
1498 2085 1580 2126 pro
1605 2072 1770 2114 Scauro

443 2142 580 2183 nuper
592 2128 782 2182 protuli)
806 2134 1002 2182 excerpta
1027 2143 1113 2169 esse
1133 2143 1154 2169 e
1170 2130 1338 2184 ficsiore
1360 2126 1665 2170 Commentario
1682 2127 1767 2170 As-

444 2186 556 2226 conii
573 2185 798 2239 deperdito.
869 2185 1038 2237 Verum,
1065 2199 1091 2225 a
1111 2199 1367 2241 quocumque
1393 2187 1556 2226 demum
1581 2185 1771 2227 Auctore

443 2243 530 2282 sint
555 2242 798 2296 progenita,
841 2257 889 2283 ea
927 2247 1036 2282 certe
1073 2248 1169 2282 sunt
1201 2243 1376 2297 antiqua
1410 2243 1568 2296 optima
1598 2243 1767 2283 inedita.

448 2297 610 2340 Exstat
629 2299 771 2351 utique
792 2299 834 2339 in
858 2297 1127 2340 Editionibus
1148 2299 1343 2354 antiquus
1363 2299 1531 2353 quidam
1547 2298 1768 2354 Interpres

446 2355 596 2396 harum
617 2361 796 2410 quatuor
820 2354 1103 2403 Orationum;
1132 2369 1275 2395 verum
1292 2356 1326 2395 is
1339 2370 1421 2396 non
1435 2355 1566 2396 solum
1583 2356 1770 2396 diversus

445 2426 472 2452 a
489 2417 628 2452 nostro
649 2417 722 2464 est,
743 2413 816 2452 sed
833 2412 956 2452 etiam
975 2413 1077 2452 adeo
1097 2412 1301 2452 latinitate
1316 2414 1460 2464 durus,
1481 2418 1521 2452 et
1539 2412 1769 2453 elocutione

445 2469 718 2520 subrusticus,
741 2475 786 2509 ut
805 2468 918 2508 nullo
933 2474 1061 2522 pacto
1087 2482 1181 2510 cum
1203 2470 1281 2509 hoc
1307 2469 1533 2523 praestanti
1558 2474 1596 2509 et
1615 2468 1770 2509 inedito

445 2526 714 2580 conserendus
731 2526 799 2565 sit.
851 2524 1086 2581 Scriptura&
1106 2531 1242 2566 autem
1262 2524 1426 2567 Codicis
1446 2523 1485 2566 C
1501 2523 1570 2564 99.
1576 2526 1768 2580 sormam

447 2582 539 2623 vide
557 2583 614 2623 sis
634 2582 678 2623 in
701 2581 937 2637 Specimine
957 2583 1243 2625 characterum
1262 2584 1319 2625 ad
1333 2582 1486 2624 calcem
1504 2581 1616 2624 libri.
