1918 3254
668 278 899 316 MILONIS.
1376 282 1441 325 39

199 377 315 428 Hoc
354 377 404 425 in
444 378 726 428 narratione
772 379 1061 428 Milonianae
1110 378 1442 428 defensionis³

129 461 326 526 plenius
345 462 579 519 ostendit,
608 462 840 511 Clodium
861 463 1123 528 petitorem
1147 463 1302 511 fuisse
1324 480 1443 527 prae-

124 538 265 593 ‘turae.
338 545 571 608 Cumque
591 546 1005 594 animadverteret
1030 546 1231 595 comitia
1248 563 1349 594 non
1371 546 1442 595 sic

127 629 415 693 procedere,
440 636 498 676 ut
521 629 641 677 Kal.
710 630 955 677 Ianuariis
980 636 1155 693 posset
1177 630 1300 677 inire
1323 646 1446 693 prae·

128 716 306 770 turam,
327 713 565 761 maluisse
584 714 808 762 desinere
828 730 857 759 a
874 713 1130 776 petitione.
1191 711 1307 760 Hoc
1328 728 1445 775 ergo

127 794 331 844 Tullius
355 797 578 861 arripuit,
617 797 852 845 omnibus
877 812 988 843 esse
1011 795 1275 851 miraculo,
1303 796 1445 858 quod

125 895 226 926 non
268 879 466 926 differat
503 879 651 927 etiam
698 878 929 943 praesenti
967 894 1098 926 anno
1134 877 1444 941 petitionem,

126 961 268 1023 quod
290 961 388 1008 iam
408 962 560 1008 semel
586 962 770 1013 fecerit,
844 961 1085 1009 Solebant
1104 969 1272 1008 autem
1297 960 1448 1023 impe-

123 1041 219 1089 diri
243 1042 445 1089 comitia
468 1059 558 1106 per
582 1043 943 1090 dissensionem
971 1043 1388 1106 Magistratuum.

191 1123 310 1172 Nnc
335 1141 634 1173 SUFFRAGIA
661 1141 818 1174 DABIS
844 1141 1036 1175 omnus
1062 1140 1346 1173 osTENTAs.

191 1207 536 1257 Comminatur
559 1209 633 1257 etb
657 1210 921 1256 denuntiat
946 1226 999 1257 se
1034 1208 1317 1256 actionibus
1343 1207 1448 1255 eius

125 1290 466 1339 adversarium
510 1293 732 1339 futurum
789 1308 879 1339 nec
926 1291 1090 1340 in...
1127 1307 1273 1339 onem
1331 1307 1448 1338 cum

126 1371 372 1436 Pompeio
395 1373 755 1422 discessurum.
826 1374 1053 1421 Laturus
1076 1381 1244 1422 autem
1265 1375 1329 1421 de
1348 1373 1448 1420 suf-

123 1454 639 1517 sragiolibertinorum
660 1455 735 1503 Ρ.
751 1456 962 1504 Clodius
977 1456 1138 1518 lecrem
1150 1456 1449 1512 videbatur,

124 1544 185 1584 ut
223 1543 272 1584 et
330 1538 489 1575 istorum
527 1538 583 1600 ‘in
609 1536 798 1576 censumd
839 1537 1102 1601 aequaliter
1151 1537 1448 1601 perveniret.

123 1616 236 1667 Nec
271 1635 389 1667 vero
419 1591 548 1666 illa.
604 1592 905 1667 libertate.
968 1657 979 1668 .
1018 1620 1090 1668 cis
1125 1637 1310 1668 me..
1343 1637 1451 1668 ora·

121 1702 257 1751 tione
281 1719 395 1767 quae
431 1702 606 1750 habita
628 1708 705 1750 est
739 1718 832 1766 pro
860 1658 1068 1758 Milone,
1105 1718 1268 1766 nuper
1292 1704 1449 1751 occiso

125 1784 316 1836 Clodio.

189 1867 278 1914 DE
303 1883 622 1915 ΝΟΜ-1101113111
653 1882 874 1914 OMNIUM
914 1882 1021 1913 Nox
1048 1882 1227 1918 AUDEo
1263 1882 1448 1914 TOTUM

173 2081 301 2125 Cap.
318 2093 366 2115 ix.

171 2127 185 2147 ¹²
209 2127 335 2161 Codex
361 2129 635 2161 “comminatur
652 2139 689 2161 se
706 2132 742 2162 et
760 2128 947 2161 denuntiat
965 2128 1166 2161 actionibus
1183 2128 1271 2171 eius,
1288 2128 1380 2161 etc.''

171 2174 273 2208 cAit
284 2174 474 2216 Asconius,
485 2186 520 2219 p.
535 2178 615 2209 203.
634 2175 678 2208 ad
697 2175 797 2208 Orat.
807 2187 876 2226 ¹pro
894 2174 1027 2208 ,Milone
1042 2157 1449 2208 xxx11.111cideb‹mtm·

122 2220 193 2284 isam
207 2220 299 2254 domi
314 2220 414 2267 leges,
428 2233 501 2266 quae
512 2233 572 2254 uos
590 2221 714 2255 nostris
726 2233 830 2254 serr-ts
845 2222 982 2255 addis-e»
983 2227 1048 2254 ent.
1097 2221 1385 2264 “Significasse
1377 2232 1449 2254 iam

122 2270 249 2311 ‘puto
260 2277 336 2309 nos,
353 2268 462 2301 fuisse
476 2268 569 2300 inter
580 2267 678 2311 leges
695 2268 734 2301 P.
754 2268 882 2310 Clodii,
899 2278 987 2312 quas
1005 2267 1092 2300 serre
1108 2270 1352 2311 proposuerat,
1368 2277 1450 2301 eam

123 2317 145 2328 ‘⁶
163 2324 305 2357 quoque
322 2325 393 2357 qua
408 2314 574 2354 libertini,
592 2314 652 2357 qui
668 2323 741 2347 non
757 2314 836 2357 plus
854 2325 962 2357 quam
978 2313 1015 2346 in
1034 2314 1179 2346 urbanis
1197 2313 1360 2346 tribubus
1379 2314 1450 2347 suf-

120 2361 142 2376 “
160 2360 309 2403 fragium
336 2360 508 2401 ferebant,
525 2365 672 2404 possent
694 2361 730 2393 in
752 2360 894 2393 rusticis
920 2370 1061 2404 quoque
1080 2359 1255 2400 tribubus,
1273 2370 1353 2403 quae
1369 2370 1450 2403 pro-

123 2407 145 2423 ’ς
161 2406 248 2450 pn'ae
273 2405 510 2450 ingenuorum
534 2411 626 2447 suut,
644 2406 765 2439 fcrre.‘’
813 2407 905 2450 Ego,
929 2411 970 2439 nt
994 2416 1090 2449 saepe
1115 2406 1202 2447 dtxi,
1226 2416 1283 2439 me
1300 2405 1450 2440 Asconii

122 2451 428 2486 Commentariun]
442 2453 620 2486 invenisse
632 2459 798 2492 autumo,
831 2458 867 2486 et
882 2464 926 2486 eu
941 2453 1058 2486 locum
1076 2453 1111 2485 in
1129 2463 1200 2496 quo
1216 2452 1394 2485 Asconius
1411 2464 1449 2486 se

122 2503 205 2532 ante
222 2498 436 2542 significasse
454 2499 569 2542 inquit
583 2510 662 2532 cam
678 2500 733 2543 leg
715 2510 807 2536 ⁰ern.
826 2510 932 2543 quam
951 2499 1040 2532 terre
1058 2499 1205 2532 Clodius
1221 2502 1450 2542 proposuerat

122 2543 409 2579 deliber-tinorum
423 2544 621 2591 suffragio:
650 2546 795 2588 sin-nific
790 2557 830 2578 u
835 2551 911 2579 erat
936 2545 1041 2583 enim,
1066 2552 1107 2578 ut
1132 2544 1218 2578 mihi
1243 2545 1347 2588 plane
1370 2555 1450 2588 per-

123 2591 269 2634 suadeo,
286 2591 322 2624 in
334 2573 600 2625 Commentario
618 2592 663 2624 ad
681 2592 773 2625 hauc
788 2593 998 2625 Orationem
1016 2591 1056 2624 cle
1071 2591 1129 2625 αἶ’)
1133 2604 1155 2624 -ε
1168 2590 1277 2624 alieno
1291 2590 1448 2631 Miloni.›,

122 2647 203 2679 qnae
220 2640 296 2671 tum
313 2639 473 2680 materia,
490 2643 568 2671 tum
585 2642 744 2682 tempore
769 2639 931 2683 proxime
948 2638 1120 2683 praecedit
1137 2637 1344 2671 Orationem
1363 2618 1448 2671 oliui

124 2682 258 2716 editam
271 2696 335 2728 pro
352 2684 496 2718 Milone.

169 2727 340 2811 ¹¹bDubice
364 2731 528 2768 lectionis
551 2732 589 2766 in
605 2730 739 2766 Codice
760 2734 844 2766 sunt
866 2741 908 2765 ca
924 2731 1043 2775 xerba,
1062 2730 1191 2776 qiubus
1216 2734 1350 2776 puncta
1366 2730 1448 2764 suh-

123 2786 191 2808 scn
216 2785 328 2809 unus
