1971 3263
1066 234 1147 281 viii

451 359 629 416 terque
667 349 914 399 tractavit.
1002 349 1104 396 Sed
1147 355 1259 396 ante
1293 350 1473 405 onmia,
1516 348 1759 411 quodque

452 442 606 500 caput
645 434 694 481 in
732 449 789 480 eo
829 431 935 487 fuit,
972 436 1131 477 artem
1166 431 1433 478 oratoriam
1473 447 1572 478 non
1609 429 1760 477 modo

454 516 652 581 scriptis
700 516 770 562 de·
809 531 867 561 ea
912 512 1178 577 praeceptis
1222 513 1529 561 nobilissime
1568 512 1760 568 docuit,

452 615 623 647 verum
649 598 797 644 etiam
825 596 973 643 dictis
997 595 1306 643 orationibus
1327 594 1396 641 ita
1419 595 1681 658 expressit,
1707 601 1765 641 ut

451 681 620 729 vivens
641 680 828 742 fulgere
853 687 901 725 et
924 685 1096 726 tonare
1115 686 1164 725 et
1181 677 1382 725 o'mnino
1401 694 1605 740 regnare
1627 678 1677 725 in
1695 678 1767 725 iu-

454 764 598 812 diciis
623 763 757 810 visus
789 763 882 819 sit3
936 762 1072 825 apud
1113 766 1341 823 posteros
1382 766 1548 806 autem
1589 759 1765 807 Cicero

454 863 557 895 non
583 846 681 893 iam
706 844 795 892 viri
821 843 1025 899 romani,
1053 843 1141 890 sed
1174 841 1333 905 ipsius
1359 841 1659 905 eloquentiae
1686 857 1770 889 no

457 945 568 976 men
591 911 837 975 videatur.

526 1010 609 1058 Ex
642 1018 716 1058 tot
752 1009 1061 1058 mationibus
1085 1016 1263 1066 tamen,
1302 1009 1488 1072 quibus
1511 1008 1583 1056 vir
1615 1008 1770 1056 diser·

457 1095 681 1142 tissimus
727 1110 1007 1141 romanum-
1045 1093 1208 1140 forum
1259 1091 1531 1154 personuit,
1584 1091 1769 1138 inultas

458 1177 627 1225 invida
653 1185 771 1223 aetas
801 1183 887 1223 aut
920 1174 1144 1237 corrupit
1179 1181 1267 1220 aut
1296 1173 1558 1230 mutilavit,
1584 1173 1771 1221 multas

462 1260 688 1308 funditus
715 1258 932 1314 sustulit,
961 1257 1178 1321 plurium
1201 1256 1433 1319 denique,
1455 1264 1510 1304 ut
1534 1255 1772 1303 credibile

461 1349 552 1399 est,
600 1331 904 1388 -memorfiam
950 1339 1112 1403 ipsam
1171 1339 1401 1387 abolevit.
1494 1339 1628 1386 Nam
1679 1338 1775 1387 'suit

461 1423 722 1487 quoddam
765 1428 966 1483 tempus
1001 1421 1370 1469 tenebricosum
1403 1427 1451 1469 et
1485 1421 1772 1477 barbarum,

461 1522 566 1570 quo
614 1497 969 1567 Longobardis
1016 1502 1215 1550 Italiam
1266 1503 1566 1560 tenentibu‘S,
1618 1519 1777 1552 roma-

459 1604 631 1652 noque
654 1581 862 1649 imperio
883 1582 970 1650 per
993 1585 1276 1633 socordiam
1302 1585 1585 1650 principum
1611 1594 1659 1634 et
1682 1588 1777 1634 for-

463 1676 618 1718 tunae
616 1662 1008 1716 incOnstantiam
1035 1669 1216 1726 delet0‚
1251 1668 1411 1717 omnis
1434 1670 1677 1717 bonarum
1701 1686 1778 1717 ar-

464 1753 590 1801 tium
625 1752 730 1808 lux,
758 1751 914 1798 omnis
945 1751 1220 1799 litterarum
1249 1752 1407 1814 gloria
1431 1752 1655 1800 extincta
1684 1759 1776 1800 est.

457 1835 614 1883 Tunc
637 1830 786 1882 etiam
811 1834 860 1881 in
897 1835 983 1881 illa
1014 1835 1235 1899 pretiosa
1258 1835 1526 1892 volumina,
1566 1853 1678 1899 quae
1703 1843 1780 1883 tot

465 1915 777 1966 eruditorum
799 1918 1053 1965 hominum
1073 1935 1252 1966 manus
1275 1918 1669 1974 elaboraverant,
1692 1918 1779 1966 ubi

465 2008 543 2049 tot
561 2001 869 2064 ingeniorum
896 2001 1078 2049 divitiae
1099 2001 1337 2058 latebant,
1354 2001 1622 2049 miserrima
1643 2003 1780 2050 caede

447 2072 693 2131 *saev'itum
731 2090 823 2131 est.
896 2084 1112 2148 Rapidis
1148 2085 1425 2132 urebantur
1459 2084 1671 2131 flammis
1708 2085 1783 2132 lit-

468 2164 744 2213 teratorum
762 2167 922 2229 longae
942 2167 1115 2229 vigilae,
1143 2167 1207 2214 sit
1228 2167 1583 2230 uteuebrisque
1599 2183 1783 2214 marce-

470 2248 592 2296 bant
616 2249 893 2296 clarissima
917 2250 1099 2296 artium
1126 2249 1329 2305 lumina,
1355 2251 1419 2296 ad
1444 2250 1676 2297 tabernas
1701 2251 1784 2297 de-

470 2331 625 2394 nique
640 2339 688 2379 et
704 2333 999 2381 deterrimos
1019 2333 1142 2380 u'sus
1159 2332 1464 2380 doctissimae
1482 2349 1609 2380 mem
1619 2333 1782 2379 branae

470 2414 748 2463 veniebant.
819 2415 864 2462 O
912 2416 1222 2463 conditiones
1270 2416 1476 2463 miseras
1518 2431 1780 2478 regnorum

472 2502 625 2560 atque
649 2497 934 2545 nationum!
974 2497 1054 2545 Illi
1080 2499 1271 2546 scilicet
1290 2498 1417 2554 Itali,
1442 2499 1626 2562 quibus
1651 2515 1786 2545 sum-

471 2594 603 2625 mam
649 2579 847 2642 copiam
901 2580 1096 2643 ingenii,
1143 2580 1538 2644 facultatemque
1584 2580 1786 2628 dicendi

470 2666 651 2708 natura
685 2662 862 2725 largita
886 2671 976 2720 est,
1013 2664 1101 2727 qui
1135 2663 1360 2720 Plautos,
1385 2663 1601 2720 Tullios,
1628 2663 1787 2726 Virgi-

473 2741 581 2800 lios,
628 2744 857 2802 Flaccos,
893 2746 1063 2795 Livios
1104 2746 1281 2810 paucis
1318 2753 1432 2794 ante
1485 2747 1685 2794 saeculis
1723 2763 1785 2793 ex
