1971 3263
661 299 1026 333 DISSERTATIO.
1317 282 1476 331 xxxix

243 400 470 450 Alterius
511 399 714 448 Codicis
750 401 963 464 priorem
987 401 1281 464 scripturam
1304 418 1363 448 ne
1395 417 1479 448 sae-
1539 418 1652 471 'sutas

176 500 295 548 culo
329 516 377 547 v.
404 500 634 548 seriorem
662 502 999 564 pronunciem,
1033 517 1233 549 moveor
1266 499 1477 564 primum
1497 475 1680 590 ξὲἶῖιῖυεε

1497 568 1534 591 111
1552 569 1571 590 a
1602 568 1661 590 CI'O

176 599 476 646 auctoritate
512 599 706 661 antiqui
741 599 974 647 Censoris
1008 600 1197 647 codicis
1223 598 1651 684 Ambl'OSi·{'j²s¹{{‚¹¹¹”

173 698 269 754 ani,
295 699 380 760 qui
405 699 676 746 secundam
701 698 849 745 huius
885 698 1185 762 scripturam
1210 701 1386 760 (quam
1406 713 1481 745 so-
1596 676 1604 684 ³

172 796 273 844 lam
297 799 403 860 ipse
428 798 568 859 vidit)
594 797 786 859 putavit
810 813 967 860 prope
991 804 1294 843 coaetaneaiu
1333 796 1479 844 Chal-

174 897 440 944 cedonensi
465 896 706 943 Concilio.
765 895 913 943 Hanc
939 913 1031 958 ego
1057 896 1262 958 quidem
1288 896 1352 942 ad
1378 911 1475 943 VII.

171 1001 257 1042 aut
279 996 426 1042 etiam
460 1010 583 1042 VIII.
629 995 868 1042 sarculum
904 995 1164 1056 pertraho:
1203 1012 1371 1042 verum
1409 995 1478 1042 in-

168 1100 243 1141 ter
263 1094 471 1158 primam
493 1101 543 1140 et
561 1094 834 1140 secundam
854 1095 1257 1157 superinductam
1282 1102 1476 1142 tantum

120 1194 385 1249 “interest,
437 1201 492 1240 ut
538 1193 578 1239 si
598 1193 694 1240 tria
721 1193 906 1242 saecula
940 1194 1245 1241 intercedere
1293 1194 1472 1251 dicam,

169 1293 438 1348 moderate,
482 1291 630 1339 immo
680 1309 858 1356 parum
906 1310 984 1341 me
1023 1293 1208 1341 dixisse
1248 1293 1473 1340 arbitrer.

170 1390 373 1454 Reapse
407 1391 670 1453 scriptura,
702 1392 764 1438 de
793 1409 894 1455 qua
922 1410 1055 1440 nunc
1079 1393 1283 1456 agimus,
1323 1393 1475 1456 Frag-

167 1498 444 1538 mentorum
467 1506 565 1538 VII.
604 1490 897 1538 Orationum
923 1489 1177 1538 Ciceronis
1200 1507 1315 1538 cum
1342 1508 1472 1539 com-

163 1589 419 1644 mentario,
458 1589 583 1636 adeo
622 1589 798 1651 etipsa
821 1590 1041 1652 spatiosa
1079 1598 1167 1646 est,
1207 1591 1333 1638 adeo
1368 1590 1471 1654 pnl-

165 1687 301 1743 chra,
354 1687 598 1749 quodque
639 1687 834 1749 gravius
871 1695 1178 1735 momentum
1215 1697 1304 1745 est,
1343 1691 1469 1738 adeo

163 1786 381 1850 priscam
414 1786 819 1850 orthographiam
853 1788 1099 1852 exprimit,
1135 1797 1187 1836 ut
1210 1789 1362 1838 serior
1385 1807 1470 1837 sae-

164 1885 280 1933 culo
306 1901 353 1933 v.
380 1886 589 1933 iudicari
627 1886 825 1934 omnino
861 1903 958 1934 non
998 1887 1168 1950 possit.
1241 1888 1320 1936 Ne
1357 1907 1470 1954 pro-

162 1985 290 2032 lixus
325 1985 416 2032 sim
439 1986 505 2048 (in
532 1993 666 2033 tanta
701 1987 975 2050 praesertim
1009 1988 1357 2052 exemplorum
1389 2006 1469 2037 co-

161 2084 265 2148 pia)
301 2084 340 2131 si
385 2086 668 2132 conferatur
716 2103 940 2149 papyrus
978 2088 1269 2151 aegyptiaca,
1315 2106 1466 2152 quam

160 2182 380 2230 Maurini
405 2184 703 2240 ediderunt,b
725 2192 774 2232 et
793 2185 937 2233 cuius
957 2186 1256 2249 scripturam
1281 2188 1465 2236 saeculo

160 2299 234 2331 vI.
278 2284 512 2332 seriorem
555 2292 737 2347 negant
771 2302 880 2333 esse
926 2285 1220 2345 dicendamz,
1272 2287 1465 2351 patebit

157 2383 272 2431 luce
295 2384 563 2431 meridiana
590 2384 772 2432 clarius
792 2385 1088 2448 scripturam
1114 2386 1330 2449 priorem
1353 2404 1465 2436 nos-

156 2483 220 2530 tri
243 2483 448 2531 Codicis
472 2484 598 2531 adeo
628 2484 984 2547 magnitudine,
1011 2487 1183 2543 forma,
1210 2487 1463 2551 orthogra-

158 2583 375 2646 phiaque
420 2583 694 2631 litterarum
727 2590 976 2647 praestare,
1011 2591 1067 2631 ut
1089 2585 1317 2633 instituta
1348 2603 1460 2650 pro-

388 2808 404 2853 Ρ
426 2811 600 2847 Nouveau
615 2811 736 2847 Traiti:
751 2812 909 2858 Diploni.
928 2813 1030 2850 Tom.
1049 2823 1070 2848 1.
1082 2825 1116 2859 p.
1134 2817 1211 2850 487.
