1971 3263
437 302 508 351 xii
890 314 1103 348 PRAEVIA
1139 314 1299 349 opmu

436 420 643 471 elucet.¹²
711 419 848 476 Quid
879 421 976 469 hoc
1000 419 1214 478 brevius,
1247 421 1382 471 dicet
1403 421 1615 487 aliquis?
1667 421 1745 471 At

436 527 655 586 quantus
691 519 905 567 Orator!
966 518 1084 570 Hoc
1119 519 1352 583 equidem
1388 522 1742 586 Fragmentum

434 635 535 666 non
574 617 737 665 solum
774 616 942 665 latinae
979 617 1161 681 linguae
1198 617 1423 667 bonitate
1465 636 1546 668 me
1583 620 1743 669 delec-

433 716 570 774 tavit,
604 717 691 765 sed
715 715 865 765 etiam
889 716 1356 766 commemoratione
1379 717 1559 765 famosi
1589 718 1744 767 homi-

432 816 510 865 nis
534 821 583 864 et
610 815 746 864 mirae
771 815 1084 880 antiquitatis
1120 816 1373 865 memoria.
1443 816 1745 865 Osculemur

430 915 583 980 igitur
604 915 974 978 flagrantissimi
997 914 1211 965 Tribuni
1243 916 1422 981 plebis,
1450 915 1744 981 Scipionum

431 1016 497 1064 de
519 1015 674 1080 stirpe
709 1015 875 1078 geniti,
903 1014 1136 1063 Oratoris
1167 1019 1283 1062 ante
1310 1013 1536 1061 Tullium
1567 1019 1742 1062 natum

430 1114 576 1163 facile
598 1113 874 1179 principiS,i
896 1114 1203 1163 venerandas
1238 1113 1487 1176 reliquias,
1525 1130 1639 1178 quae
1674 1113 1741 1162 ad

430 1213 772 1281 aspiciendam
793 1213 952 1262 aetatis
976 1218 1156 1261 nostrae
1178 1213 1341 1261 lucem
1366 1230 1394 1260 e
1427 1211 1743 1276 sempiternis

429 1314 649 1363 tenebris
673 1317 996 1361 emerserunt.

266 1425 417 1460 veteres
497 1413 619 1462 VII.
668 1412 822 1461 Nunc
860 1411 980 1459 mihi
1027 1410 1180 1475 paulo
1241 1410 1488 1459 difficilior
1533 1410 1745 1475 quaestio

211 1469 394 1507 Ciceronis

209 1516 387 1599 {gsoerpre-
435 1511 798 1562 commovenda
828 1516 917 1568 est,
956 1509 1039 1558 cui
1068 1509 1299 1558 nimirum
1322 1509 1538 1558 Auctori
1568 1509 1746 1573 ingens

434 1610 518 1660 hic
552 1616 602 1658 et
639 1608 859 1658 ineditus
900 1608 1299 1658 Commentarius
1339 1609 1640 1658 tribuendus
1663 1609 1744 1659 sit.

435 1709 589 1758 Multi
615 1708 820 1773 quidem
854 1714 1047 1756 veteres
1080 1707 1282 1756 Eruditi
1316 1707 1583 1757 Orationes
1608 1708 1748 1758 Cice-

433 1806 569 1855 ronis
586 1806 785 1870 scriptis
808 1806 1190 1856 Commentariis
1206 1805 1592 1865 illustraverunt,
1617 1823 1745 1872 quos

434 1905 562 1954 inter
603 1906 804 1953 videtur
848 1905 1049 1953 Tullius
1086 1905 1196 1969 ipse
1237 1910 1431 1962 auctor,
1490 1905 1635 1954 cuius
1675 1905 1748 1954 rei

433 2005 550 2055 vide
585 2011 741 2055 testes
771 2007 910 2070 apud
943 2003 1266 2054 Fabricium.¹‘
1346 2005 1571 2053 Vulcatii
1596 2005 1747 2055 Com-

436 2106 707 2155 mentarios
739 2105 792 2154 in
828 2104 1096 2154 Orationes
1143 2104 1399 2154 Ciceronis
1453 2103 1522 2155 D.
1570 2103 1748 2153 Hiero-

435 2221 619 2269 nymus
643 2204 911 2254 memorat.¹
981 2204 1203 2269 Caprum
1227 2203 1524 2268 Agroetiusm
1546 2202 1597 2251 in
1616 2219 1749 2251 com-

484 2459 502 2482 '2
526 2463 565 2496 P.
581 2465 637 2497 77.

486 2506 495 2529 ¹
519 2509 613 2542 Vide
631 2508 727 2542 dicta
744 2507 789 2541 ad
806 2518 839 2550 p.
855 2509 910 2541 76.
936 2517 970 2540 11.
986 2508 1021 2540 4.
1069 2507 1118 2540 Et
1133 2505 1171 2539 in
1187 2506 1304 2549 Opere
1319 2504 1462 2548 quidem
1479 2503 1518 2537 cle
1535 2502 1649 2538 Claris
1662 2502 1753 2538 Ora-

440 2554 567 2588 toribus
584 2555 717 2588 Brutus
734 2555 782 2588 ait
800 2554 843 2586 de
867 2554 909 2586 C.
926 2553 1089 2586 Graccho
1103 2564 1112 2586 ε
1137 2551 1159 2569 “
1174 2553 1289 2586 Istum
1321 2551 1366 2584 de
1396 2550 1633 2594 superioribus
1648 2561 1752 2593 paene

441 2603 462 2618 ‘⁴
480 2601 593 2633 solum
607 2601 717 2643 lego.”
765 2600 833 2633 Cui
844 2599 963 2632 subdit
978 2599 1125 2632 Cicero:
1152 2599 1173 2614 “
1188 2598 1304 2630 Immo
1318 2597 1434 2640 plane,
1450 2597 1609 2639 iuquam,
1627 2596 1753 2637 Brute,

442 2647 578 2689 “legas
595 2657 722 2680 censeo
748 2673 756 2680 .
783 2671 791 2680 .
816 2646 990 2689 legendus
1006 2650 1061 2678 est
1075 2645 1133 2678 hic
1151 2644 1291 2687 Orator,
1317 2643 1346 2676 si
1370 2643 1560 2686 quisquam
1576 2643 1676 2686 alius,
1700 2642 1754 2677 iu-

441 2692 463 2710 “
480 2692 648 2724 ventutiss’

489 2736 504 2757 k
530 2737 698 2772 Biblioth.
724 2739 784 2771 lat.
814 2738 879 2770 Ed.
906 2748 984 2770 nov.
1009 2737 1052 2770 T.
1068 2738 1092 2770 i.
1116 2748 1150 2780 p.
1167 2739 1246 2769 205.

512 2782 599 2816 ³Lib.
619 2793 641 2816 ι.
666 2787 790 2816 contra
807 2784 980 2816 Rufinum
995 2784 1093 2817 Edit.
1110 2783 1244 2817 Veron.
1259 2781 1366 2816 Tom.
1386 2780 1421 2815 11.
1448 2791 1482 2826 p.
1495 2782 1575 2815 472.

487 2834 511 2851 ¹²
535 2829 580 2863 In
595 2829 764 2863 Putschio
777 2840 812 2874 p.
826 2831 929 2863 2266.
