1971 3263
455 290 515 333 16
930 289 1031 324 PRO
1065 290 1276 328 scAURo.

448 377 623 427 Arinis
660 392 868 426 uxorem
891 376 1152 439 paelicatus
1169 384 1196 404 ¹¹¹
1231 378 1406 428 dolore
1428 379 1746 437 concitatam,

448 477 561 508 cum
598 460 822 507 audisset
847 457 1055 505 Arinem
1097 474 1212 506 cum
1251 461 1341 509 illa
1371 479 1464 510 sua
1502 470 1664 512 metus
1698 470 1748 510 et

444 543 575 605 fugae
599 541 915 589 simulatione
935 539 1150 588 Romam
1171 557 1224 588 se
1246 545 1530 604 contulisse,
1557 554 1616 594 ut
1631 562 1747 594 cum

445 631 591 672 antea
624 623 941 678 consuetudo
978 623 1107 671 inter
1130 640 1214 671 eos
1239 624 1429 682 fuisset,
1469 635 1575 676 tum
1599 628 1749 676 etiam

441 705 629 770 nuptiis
651 705 972 769 iungerentur
992 724 1004 765 3
1028 706 1210 754 arsisse
1234 707 1409 764 dolore
1422 709 1667 768 muliebri,
1700 717 1750 759 et

439 788 566 836 mori
589 805 739 851 quam
779 789 830 836 id
867 789 1058 852 perpeti
1105 789 1358 841 maluisse.
1429 790 1610 838 Altera
1645 808 1749 840 non

438 871 604 918 minus
624 870 918 928 verisimilis,
946 878 1009 928 et,
1031 878 1088 919 ut
1106 872 1298 936 opinor,
1318 873 1366 920 in
1393 872 1625 921 Sardinia
1648 891 1748 923 ma-

436 952 512 1014 gis
537 952 684 1000 etiam
711 954 914 1011 credita,
960 954 1167 1003 Arinem
1200 955 1351 1002 istum
1391 962 1568 1004 testem
1593 963 1747 1020 atque

433 1033 699 1097 hospitem,
726 1036 903 1094 Triari,
929 1043 1072 1085 tuum
1096 1038 1498 1101 proficiscentem
1527 1040 1746 1090 Romam

433 1117 688 1180 negotium
726 1119 928 1166 dedisse
966 1119 1159 1177 liberto,
1190 1127 1243 1168 ut
1279 1121 1352 1169 illi
1397 1122 1608 1170 aniculae
1644 1139 1746 1171 non

431 1198 516 1246 ille
539 1199 746 1262 quidem
772 1200 871 1247 vim
896 1202 1125 1258 adferret,
1160 1217 1323 1264 neque
1346 1203 1477 1254 enim
1513 1210 1619 1252 erat
1641 1221 1747 1252 rec·

431 1288 539 1328 tum
580 1289 818 1346 patronae,
861 1290 888 1309 ‘⁴
915 1285 1005 1331 sed
1041 1283 1229 1332 collum
1271 1284 1497 1347 digitulis
1537 1286 1744 1333 duobus

430 1364 738 1422 oblideret,⁷‘¹²
781 1366 1019 1413 resticula
1056 1367 1292 1428 cingeret,
1334 1373 1392 1413 ut
1437 1366 1525 1413 illa
1554 1367 1744 1430 perisse

430 1448 702 1510 suspendio
749 1455 1026 1510 putaretur.
1111 1448 1239 1501 Quae
1276 1447 1481 1511 quidem
1517 1451 1742 1514 suspicio

427 1529 586 1577 valuit
626 1529 774 1577 etiam
807 1530 923 1593 plus
947 1532 1010 1579 ob
1036 1531 1165 1578 hanc
1191 1547 1411 1588 causam,
1459 1533 1600 1595 quod
1623 1550 1739 1582 cum

428 1619 631 1675 agerent
662 1613 938 1676 parentalia
962 1613 1254 1671 NorenseS,⁰
1291 1630 1477 1671 omnes,
1525 1614 1613 1677 qui
1642 1631 1736 1662 suo

427 1712 564 1744 more
588 1713 649 1743 ex
675 1695 865 1759 oppido
893 1696 1130 1754 exissent,
1155 1697 1403 1744 tumulata
1427 1702 1504 1744 est
1527 1713 1555 1744 a
1592 1697 1738 1746 liber-

427 1784 493 1834 to,
521 1777 844 1841 suspendisse
868 1794 921 1824 se
946 1778 1097 1826 dicta.
1170 1778 1440 1827 Discessus
1464 1787 1632 1827 autem
1658 1797 1735 1829 so-

425 1860 588 1908 litudo
611 1860 656 1908 ei
687 1859 775 1923 qui
800 1867 1066 1923 patronam
1091 1862 1373 1909 suffocabat
1397 1862 1491 1909 fuit
1513 1879 1734 1926 quaeren-

426 1944 506 2000 da,
533 1943 604 1990 illi
623 1959 737 2006 quae
761 1942 962 1991 volebat
976 1943 1102 1990 mori
1120 1960 1220 1991 non
1246 1944 1352 1991 fuit.
1424 1944 1734 1994 Confirmata

423 2040 540 2071 vero
578 2024 798 2087 suspicio
838 2030 927 2082 est,
972 2026 1111 2088 quod
1143 2043 1241 2074 anu
1285 2033 1484 2075 mortua
1523 2027 1733 2076 libertus

423 2107 607 2164 statim,
641 2114 901 2171 tamquam
924 2124 1074 2172 opere
1107 2111 1352 2167 confecto,
1381 2109 1599 2159 Romam
1623 2128 1734 2175 pro-

422 2190 586 2237 fectus
625 2196 717 2238 est.
788 2190 909 2239 Aris
933 2197 1115 2248 autem,
1159 2192 1310 2240 simul
1350 2209 1408 2241 ac
1435 2193 1643 2242 libertus
1667 2195 1731 2243 de

421 2279 578 2321 morte
597 2273 768 2321 uxoris
786 2273 1047 2330 nuntiavit,
1073 2274 1309 2324 continuo
1326 2275 1503 2325 Romae
1520 2283 1730 2326 matrem

421 2355 560 2403 illam
586 2355 812 2405 Bostaris
837 2356 985 2405 duxit
1016 2373 1244 2406 uxorem.

465 2610 496 2657 ¹¹²⁴
513 2605 714 2640 Priscianus
730 2606 810 2642 Lib.
827 2610 859 2642 6.
886 2608 948 2652 qui
962 2608 1065 2642 huius
1081 2607 1151 2642 loci
1173 2606 1280 2641 refert
1295 2607 1450 2653 quinque
1465 2609 1583 2652 verba,
1604 2609 1726 2644 scribit

413 2651 641 2732 Pellnsstiytvant
657 2699 735 2733 haec
749 2700 857 2734 etiam
874 2701 1029 2745 quinque
1045 2701 1152 2735 verba
1166 2700 1258 2734 inter
1275 2700 1490 2745 Fragmenta
1507 2702 1603 2736 edita
1619 2702 1724 2737 huius

420 2744 678 2826 Οιῡᾶῗέῐῗῑιιίῒ
689 2792 772 2826 olim
785 2793 956 2828 Sardiniae
970 2793 1066 2836 urbs,
1080 2792 1124 2827 de
1141 2803 1211 2837 qua
1227 2793 1346 2828 cuncti
1357 2794 1558 2839 Geographi
1574 2798 1720 2831 veteres,
