1971 3263
233 508 422 561 PARS
473 513 877 563 ORATIONIS
917 513 1064 564 PRO
1103 512 1395 564 SCAURO

459 655 578 694 CUM
615 654 874 699 ANTIQUIS
908 656 1163 695 SCHOLIIS.

166 845 176 856 .
217 847 227 857 .
265 847 274 857 .
314 848 323 858 .
361 781 527 858 Nox
565 810 782 858 habuisti
806 811 946 875 quod
970 810 1179 858 dares?³
1229 809 1466 858 habuisse

161 907 217 938 se
250 892 385 939 dicit.
458 892 582 946 Quis
606 892 660 940 id
684 892 842 941 sciet?
895 893 1008 956 quis
1031 892 1083 940 id
1106 892 1344 940 iudicavit
1364 907 1466 939 non

161 973 347 1020 fuisse?
405 972 624 1022 Causam
658 975 800 1038 fingit
834 974 1002 1022 fuisse.
1075 975 1239 1029 Quem
1275 973 1466 1021 refelle-

160 1055 302 1102 mus?
361 1055 598 1104 Potuisse
615 1073 716 1104 non
735 1058 856 1104 dare
876 1074 956 1105 se:
993 1057 1232 1113 noluisse,
1254 1063 1311 1103 ut
1331 1072 1467 1118 erep-

159 1142 267 1184 tum
289 1153 400 1186 esse
424 1139 624 1187 diceret.
704 1139 829 1193 Quae
852 1145 1020 1202 potest
1043 1137 1332 1200 eloquentia
1369 1136 1467 1184 dis-

161 1220 387 1282 putando
436 1219 591 1282 ignoti
630 1221 844 1269 hominis
886 1220 1251 1285 impudentiam
1293 1220 1466 1268 confu-

161 1301 301 1348 tare?
359 1300 479 1350 Non
518 1320 661 1366 agam
700 1304 853 1366 igitur
897 1320 1014 1351 cum
1048 1303 1146 1350 ista
1187 1303 1466 1350 Sardorum

163 1383 532 1447 conspiratione
552 1392 602 1432 et
622 1402 737 1433 cum
757 1403 998 1450 expresso
1017 1393 1070 1434 et
1087 1392 1265 1435 coacto
1285 1383 1467 1433 sollici-

161 1472 368 1529 tatoque
406 1467 622 1530 periurio
658 1467 920 1524 subtiliter,
963 1483 1057 1514 nec
1097 1485 1193 1515 acu
1232 1467 1466 1529 quaedam

162 1548 424 1596 enucleata
466 1537 1122 1613 argumenta'conquiramg
1168 1550 1257 1596 sed
1293 1554 1469 1596 contra

158 1630 400 1694 impetum
422 1631 575 1678 istum
598 1631 801 1678 illorum
825 1631 1016 1695 impetu
1041 1647 1132 1694 ego
1156 1638 1327 1678 nostro
1353 1647 1466 1678 con-

161 1729 357 1761 curram
387 1719 541 1778 atque
576 1713 856 1776 confligam.
929 1713 1049 1762 Non
1083 1720 1159 1761 est
1195 1713 1466 1776 unusquis-

161 1813 260 1860 que
282 1796 403 1844 mihi
422 1813 487 1844 ex
507 1796 706 1844 illorum
743 1796 850 1844 acie
886 1796 1274 1860 protrahendus,
1300 1812 1466 1858 neque

159 1894 275 1926 cum
303 1878 510 1941 singulis
534 1879 896 1927 decertandum
932 1885 1086 1941 atque
1116 1879 1463 1941 pugnandum.

158 1959 293 2008 Tota
313 1967 389 2007 est
412 1961 544 2008 acies
579 1960 665 2008 illa
697 1977 797 2008 uno
830 1961 1019 2024 impetu
1053 1960 1466 2023 prosternenda*

160 2041 257 2091 Est
307 2042 437 2090 enim
494 2059 646 2091 unum
690 2042 964 2090 maximum
1009 2043 1164 2090 totius
1219 2041 1463 2090 Sardiniae

214 2234 241 2259 ²*
272 2233 481 2276 Scholium
501 2234 667 2275 minutis
690 2234 924 2275 rudioribus
946 2233 1107 2275 litteris.

214 2305 313 2348 Hoc
332 2307 450 2349 dicit:
494 2322 588 2348 cum
621 2307 696 2347 sint
723 2307 1038 2362 inpudentissimi
1058 2316 1189 2358 testes,
1219 2321 1299 2347 non
1319 2306 1462 2346 debere

159 2379 318 2434 singulis
337 2381 577 2435 respondere
597 2381 667 2421 sed
688 2379 875 2423 universis
897 2380 1026 2421 simul.

206 2623 222 2639 ²
244 2620 337 2654 Puto
364 2631 468 2665 agere
495 2621 704 2655 Ciceronem
727 2621 771 2654 de
796 2621 1002 2663 Frumento,
1029 2620 1125 2666 qnod
1149 2620 1278 2653 iniuste
1302 2619 1464 2663 exegisse

159 2665 197 2698 in
213 2666 372 2700 Sardinia
388 2669 540 2701 Scaurus
555 2668 700 2701 fortasse
723 2668 944 2711 arguebatur.
993 2667 1090 2699 Vide
1104 2671 1226 2699 notam
1244 2670 1464 2710 sequentem.

161 2711 211 2744 Et
226 2711 304 2745 haec
320 2713 465 2756 quidem
490 2714 612 2747 Oratio
637 2717 690 2746 est
715 2714 759 2747 de
784 2715 916 2747 Scauro
940 2711 1030 2746 filio:
1064 2716 1236 2746 caeterum
1260 2713 1305 2745 de
1330 2712 1464 2745 Scauro

159 2760 259 2800 patre
284 2758 329 2791 ad
345 2770 451 2802 quem
482 2770 537 2793 res
563 2759 792 2793 frumentaria
818 2759 989 2794 translata
1012 2758 1120 2792 etiam
1143 2758 1221 2803 fuit,
1244 2759 1324 2793 vide
1349 2758 1462 2792 Cicer.

160 2813 223 2846 pro
238 2804 359 2838 Sextio
375 2816 451 2850 cap.
467 2815 560 2840 xvu.
577 2809 613 2840 et
627 2806 665 2840 in
677 2806 780 2840 Verr.
795 2806 875 2840 Lib.
894 2814 946 2840 111.
963 2815 1040 2850 cap.
1057 2816 1114 2840 xe.

729 2851 822 2899 {22
