1918 3254
466 295 530 342 22
925 296 980 329 m
1017 295 1070 329 .1>.
1105 295 1343 332 cLomuM
1378 287 1384 290 ’

468 398 632 444 factus
656 392 825 442 est.P.
847 392 924 441 Cl.
943 391 1180 449 Pulcher,
1198 392 1419 440 delatore
1440 392 1516 441 .L.
1534 391 1770 450 Lentulo,

470 478 558 542 qui
582 475 760 526 consul
782 474 878 522 fuit
910 479 1030 538 post
1065 491 1182 522 cum
1217 474 1308 522 .M.
1345 475 1621 526 Marcello:
1658 476 1774 524 sub-

470 558 807 610 scribentibus
834 557 948 606 .Gn.
968 564 1017 605 et
1041 556 1119 605 .L.
1145 555 1388 607 Lentulis.
1441 559 1652 607 Aurelia
1671 558 1778 608 Cae-

467 643 592 692 saris
615 647 776 690 mater
799 639 942 689 testis
964 639 1014 687 in
1036 638 1281 687 iudicium
1316 638 1479 688 accita
1511 648 1639 690 est.²·
1695 641 1777 690 Ea

467 745 559 792 pro
582 725 868 775 testimonio
888 724 1031 780 dixit,
1058 738 1151 771 suo
1175 722 1318 770 iussu
1342 739 1456 770 eum
1479 740 1590 773 esse
1612 724 1778 773 dimis-

469 827 596 859 sum.
666 809 810 857 Idem
836 807 967 856 dixit
986 807 1116 855 Iulia
1143 804 1297 855 Soror
1317 806 1546 856 Caesaris.
1616 806 1687 861 Et
1708 813 1777 856 ta-

468 910 582 941 men
604 899 724 957 post
746 892 854 940 haec
879 889 1145 938 absolutus
1170 896 1261 938 est.

534 973 644 1024 SED
682 988 854 1023 CREDo
892 988 1173 1023 POSTQUAM
1215 988 1494 1022 SPECULUM
1531 988 1649 1022 TIBI
1686 988 1777 1022 AD-

469 1074 653 1107 LATUM
689 1074 808 1115 EST,
854 1073 1032 1106 LONGE
1077 1072 1144 1105 ΤΕ
1190 1071 1224 1105 A
1269 1072 1535 1106 PULCHRIS
1580 1071 1774 1106 ABESSE

469 1156 726 1190 SENSISTI.

529 1223 576 1272 F
579 1222 875 1272 estivissime
897 1223 1047 1271 simul
1072 1228 1120 1271 et
1151 1223 1467 1272 nobilitatem
1488 1222 1683 1285 generis
1705 1221 1779 1270 in·

463 1306 716 1362 famatam,
743 1313 794 1354 et
816 1321 980 1355 mores
1003 1305 1244 1353 femineos
1266 1305 1315 1352 in
1339 1304 1533 1369 speculi
1560 1310 1780 1353 contem-

464 1388 686 1452 platione
722 1388 925 1445 detexit,
969 1405 1072 1452 quo
1112 1390 1264 1436 ferme
1304 1389 1366 1435 ad
1410 1387 1777 1452 explorandam

466 1488 598 1519 curae
618 1488 717 1518 suoe
743 1471 1049 1534 diligentiam
1074 1472 1308 1520 mulieres
1332 1471 1407 1519 uti
1427 1471 1602 1519 solent.
1639 1470 1778 1534 Ergo

463 1559 515 1601 et
535 1553 873 1606 inliberalemb
896 1556 1104 1616 figuram
1132 1556 1319 1619 probro
1345 1554 1501 1610 dedit,
1534 1560 1586 1601 et
1611 1553 1776 1602 Maio-

462 1653 578 1685 rum
622 1654 829 1685 suorum
874 1637 1262 1686 dissimillimum
1317 1643 1630 1686 contestatus
1683 1643 1776 1686 est.

465 1719 602 1768 Nam
622 1721 715 1769 fuit
750 1721 847 1768 hoc
886 1720 1113 1768 Claudiae
1154 1719 1375 1768 Familiae
1411 1734 1688 1781 cognomen
1723 1717 1776 1766 il-

463 1801 636 1850 lustre.
721 1804 926 1867 Quippe
954 1803 1233 1867 antiquitus
1259 1802 1336 1851 .P.
1361 1801 1611 1851 Claudius
1635 1800 1776 1866 Appi

466 1883 604 1933 Caeci
635 1885 769 1933 filius
793 1886 986 1950 primus
1011 1903 1075 1934 ex
1103 1886 1200 1935 isto
1231 1903 1410 1951 genere
1436 1885 1659 1933 Pulcher
1688 1900 1777 1948 ap-

462 1966 686 2030 pellatus
733 1974 824 2016 est.
909 1968 1011 2017 Hic
1058 1969 1235 2017 consul
1281 1975 1404 2034 aput
1452 1968 1779 2033 Drapanamf

511 2145 527 2163 δ
550 2143 639 2177 Cod.
666 2142 712 2177 In
734 2143 858 2178 indicio
872 2143 922 2177 ita
936 2149 994 2178 est.
1042 2144 1150 2178 Forte
1175 2144 1281 2187 igitur
1308 2144 1553 2180 scribendum:
1591 2145 1614 2163 “
1630 2140 1778 2181 Aurelia

464 2190 487 2207 “
513 2189 665 2223 Caesaris
681 2195 795 2224 mater
811 2191 911 2223 testis
923 2191 959 2224 in
976 2190 1119 2228 iudicio,
1132 2191 1181 2224 ita
1193 2194 1256 2231 cst,
1270 2191 1360 2224 dixit
1375 2201 1436 2234 pro
1455 2192 1667 2232 testimonio,
1685 2193 1778 2227 ete.’²

510 2235 526 2257 b
550 2236 730 2270 Inliberali
755 2238 868 2281 figura
892 2237 1080 2281 praeditum
1096 2237 1261 2270 Clodium
1287 2238 1417 2270 diserte
1443 2237 1542 2271 aiunt
1567 2235 1624 2271 hic
1647 2238 1775 2273 Cicero

464 2282 502 2316 et
518 2285 639 2316 noster
663 2283 802 2316 Auctor
826 2284 1091 2323 Commentarii,
1115 2284 1175 2328 qui
1200 2284 1295 2327 idem
1320 2284 1450 2327 repetit
1474 2284 1519 2316 ad
1543 2284 1637 2323 orat,
1653 2284 1775 2320 deoere

462 2328 572 2363 alieno
604 2329 759 2363 Milonis.
831 2330 959 2374 Itaque
989 2330 1135 2364 Clodius
1165 2330 1298 2363 ironice
1329 2330 1457 2363 dicitur
1479 2329 1665 2375 pulchellus
1691 2342 1777 2377 puer

463 2375 580 2420 Epist.
599 2385 677 2409 xvi.
694 2377 772 2410 libri
790 2386 813 2410 1.
832 2377 876 2409 ad
899 2377 1010 2410 Attic.
1058 2377 1208 2410 Fallitur
1220 2387 1303 2419 ergo
1320 2377 1363 2409 ad
1381 2386 1463 2409 euin
1479 2376 1637 2419 epistolae
1655 2377 1776 2413 locum

462 2422 599 2456 Paulus
622 2422 823 2463 Manutius,
841 2424 901 2466 qui
925 2423 1066 2457 videtur
1088 2424 1230 2457 credere
1254 2422 1417 2455 Clodium
1443 2422 1550 2456 fuisse
1575 2423 1775 2467 pulchrum,

463 2479 512 2502 ex
526 2479 570 2503 eo
587 2470 680 2513 quod
700 2470 911 2503 Plutarchus
935 2470 972 2503 in
998 2470 1138 2503 Caesare
1161 2473 1197 2502 et
1218 2469 1388 2502 Cicerone
1406 2469 1546 2507 scribat,
1563 2473 1602 2502 ui
1618 2469 1695 2514 ipse
1712 2471 1774 2514 ait,

451 2514 550 2559 facie
566 2515 690 2561 puella>
712 2516 855 2550 similem
874 2516 1002 2561 sciisse.
1059 2516 1196 2549 Verum
1220 2516 1249 2548 si
1273 2515 1477 2558 diligentius
1502 2515 1567 2549 loci
1597 2516 1776 2551 Plutarchi

461 2561 637 2604 legantur,
653 2563 800 2606 patebit,
824 2564 861 2596 in
887 2564 1058 2597 Cicerone
1083 2562 1154 2596 dici
1177 2562 1340 2596 Clodium
1366 2565 1504 2594 tantum
1527 2561 1706 2597 imberbem
1726 2564 1774 2598 ob

462 2607 753 2643 adolescentiam.
801 2609 846 2643 In
870 2610 1010 2643 Caesare
1033 2608 1219 2649 imberbem,
1244 2615 1275 2642 et
1298 2607 1388 2643 cultu
1409 2615 1538 2654 sumpto
1559 2608 1779 2654 psam-‘end

464 2653 665 2700 Pompeiam
675 2657 847 2690 accessisse
863 2656 1017 2690 Clodium
1027 2655 1227 2701 referentem
1241 2656 1346 2702 specie
1357 2654 1572 2697 iuvenculam,
1588 2655 1672 2700 quia
1685 2660 1774 2691 hon-

465 2699 549 2732 dum
568 2701 702 2736 scilicet
714 2706 790 2736 erat
804 2703 984 2745 barbatus,
1001 2705 1038 2736 et
1051 2705 1150 2736 veste
1165 2713 1203 2736 se
1219 2704 1407 2736 exornarat
1422 2701 1611 2737 muliebris
1721 2710 1726 2717 ‘

511 2745 638 2837 ‘²fl·C‹>td.
663 2748 714 2783 sic
739 2748 953 2796 Drapcmam,
985 2752 1022 2784 et
1043 2749 1188 2785 inferius
1209 2749 1358 2795 confixit,
1385 2749 1481 2793 quod
1505 2747 1774 2785 emendavimus

460 2803 518 2824 COH
547 2803 593 2826 tm
612 2818 620 2827 ι
