1918 3254
559 409 641 459 IN
684 406 1081 458 VATrNI-UM.

162 577 173 587 .
201 574 212 586 .
239 575 250 586 .
275 542 353 586 rat
371 535 586 586 ostentui
605 536 767 599 vulgo.

227 619 449 669 CONSUL
469 635 668 668 POPULI
691 619 772 668 .R.
794 631 1268 666 MODERATISSIMUS
1296 630 1482 664 SUBLA—

159 719 226 752 'ro
249 719 495 760 AUXILIO,
525 718 780 751 ExcLUSIS
812 716 1016 758 AMIOES,
1043 715 1100 747 v1
1126 715 1480 748 PERDITORUM

159 802 454 836 coNGESTA.

225 869 475 932 Magnum
497 869 760 918 cumulum
776 867 898 915 fecit
915 864 1115 913 invidiae
1139 871 1189 912 et
1212 881 1242 912 a
1265 879 1482 928 persona

158 953 299 1015 quod
327 952 604 1008 consulem,
643 957 692 998 et
715 950 778 996 ab
803 948 908 995 eius
945 947 1186 1004 moribus,
1223 956 1269 994 et
1283 946 1308 969 '¹'
1337 947 1479 1011 quod

155 1032 407 1096 prohibito
427 1032 705 1078 amicorum
733 1030 981 1093 praesidio,
1008 1038 1058 1078 et
1082 1048 1169 1093 per
1189 1030 1479 1078 violentiam

156 1112 408 1162 seditiosae
453 1111 792 1160 multitudinis
829 1112 1114 1175 opprimere
1158 1121 1369 1160 conatus
1417 1113 1480 1161 sit

155 1212 270 1244 eum
293 1195 628 1260 potissimum,
667 1194 757 1257 qui
793 1194 1059 1258 auspicato
1099 1202 1147 1243 et
1192 1195 1286 1243 rite
1309 1195 1478 1243 omnia

160 1278 269 1327 fieri
293 1276 569 1342 gestiebat}

1497 544 1692 589 Verburgii

1546 592 1644 626 Edit.

1535 638 1581 672 N.
1595 641 1652 672 21.

221 1360 310 1409 UT
331 1359 572 1408 CONSULI
596 1374 774 1407 DOMUS
803 1375 1039 1408 ExiunM
1067 1377 1190 1408 ESSE
1218 1377 1325 1410 NON
1363 1377 1478 1410 Pos—
1635 1407 1642 1415 ,

163 1460 277 1492 SET.

225 1526 346 1575 Non
370 1532 565 1573 tantum
605 1524 940 1574 miserabilem
972 1526 1092 1574 fecit
1131 1527 1226 1574 hac
1265 1527 1478 1575 necessi·

155 1614 258 1657 tate
283 1608 375 1656 M.
402 1607 660 1664 Bibulum,
691 1624 864 1655 verum
891 1608 1038 1656 etiam
1068 1625 1264 1656 summa
1288 1609 1476 1657 invidia

154 1691 396 1740 laceravit
418 1689 690 1747 Vatinium,
731 1690 820 1754 qui
862 1691 1001 1738 velut
1033 1690 1321 1739 damnatam
1348 1691 1477 1740 Con-

157 1773 282 1822 sulis
316 1773 628 1821 maiestatem
666 1773 829 1836 primo
879 1774 931 1821 in
981 1774 1197 1823 latebras
1242 1775 1474 1839 coegerit,

157 1856 340 1904 deinde
364 1857 705 1904 occultantem
732 1874 785 1904 se
808 1875 870 1905 ne
895 1857 1177 1922 periculum
1207 1857 1385 1906 salutis
1410 1858 1478 1906 in-

159 1937 384 1996 cideret‚k
417 1939 682 1987 extrahere
723 1941 873 1988 domo
916 1956 1009 1988 sua
1050 1939 1382 1998 contenderit,
1421 1946 1477 1988 ut

157 2021 469 2086 perditorum
523 2022 757 2070 manibus
811 2023 1086 2080 addiceret,
1149 2040 1240 2071 nec
1289 2024 1475 2072 habere

160 2105 353 2154 Consul
377 2106 584 2154 exilium
608 2107 745 2154 domi
768 2123 871 2154 suae
896 2113 1065 2154 tutum
1088 2112 1275 2170 posset.

227 2188 354 2236 EAM
381 2195 565 2237 REMP.a
588 2205 699 2238 QUAE
728 2204 970 2237 AUSPicrs
997 2205 1334 2238 CONSTITUTA
1362 2206 1472 2239 EST.

204 2344 220 2366 ¹¹
241 2347 440 2380 Videbatur
456 2347 738 2381 interserendum
753 2353 796 2389 et,
821 2358 950 2392 nempe
967 2354 999 2381 et
1012 2349 1101 2394 quod
1109 2349 1292 2395 prohibita,
1312 2352 1378 2384 etc.

204 2392 212 2414 ³
236 2393 291 2427 M.
310 2394 461 2427 Bibulus
480 2394 519 2427 C.
538 2394 689 2427 Caesaris
704 2395 843 2438 collega
860 2395 896 2427 in
913 2396 1113 2437 consulatu,
1139 2407 1249 2440 quum
1263 2396 1344 2429 huic
1357 2403 1476 2441 [vran-

158 2439 240 2473 nico
256 2451 358 2484 paene
376 2451 472 2473 more
485 2441 729 2484 magistratum
749 2441 884 2484 gerenti
900 2441 1062 2474 resistere
1077 2453 1148 2475 non
1167 2447 1296 2486 posset,
1324 2443 1419 2477 domi
1437 2456 1474 2478 se

151 2486 354 2520 continuit:
381 2490 415 2520 et
433 2488 550 2530 quoad
577 2490 752 2530 potestate
779 2488 875 2529 abiit,
906 2487 993 2521 nibil
1019 2488 1128 2530 aliud,
1154 2500 1260 2533 quam
1279 2501 1340 2533 per
1357 2491 1475 2524 edicta

158 2532 210 2565 illi
225 2533 461 2570 obnuntiavit,
487 2534 581 2567 diem
597 2544 673 2567 esse
687 2533 829 2573 festum,
853 2544 924 2578 quo
941 2545 1004 2578 per
1018 2535 1125 2578 leges,
1151 2537 1340 2580 quicquam
1359 2548 1474 2580 agere,

158 2578 212 2611 fas
238 2589 308 2612 non
327 2585 411 2613 erat.
438 2580 664 2624 Quapropter
676 2580 854 2621 Vatinius,
879 2591 972 2613 unus
998 2592 1018 2614 e
1043 2582 1210 2615 Tribunis
1231 2583 1278 2626 pl.
1304 2583 1475 2618 Bibulum

160 2624 267 2658 domo
284 2626 395 2659 suain
412 2637 590 2660 carcerem
606 2626 744 2660 trahere
763 2637 949 2671 aggressus
963 2631 1027 2661 est.
1045 2628 1091 2661 V.
1108 2635 1236 2672 praeter
1254 2629 1474 2673 Ciceronem,

160 2670 267 2704 etiam
280 2672 435 2706 Dionem
451 2673 530 2706 Lib.
542 2682 669 2707 xxxx-n
678 2683 701 2707 1.
717 2676 750 2707 6.
762 2674 972 2707 Suetonium
983 2678 1019 2708 et
1030 2675 1260 2709 Plutarchum
1279 2676 1315 2709 in
1330 2676 1474 2711 Censor-e..

206 2715 221 2736 ¹¹
247 2717 401 2752 [medere
414 2730 496 2753 cum
513 2724 638 2763 quarto
669 2730 752 2753 casu
776 2720 851 2753 sine
877 2721 1137 2765 praepositione.
1184 2723 1312 2756 Adiice
1329 2723 1396 2758 hoc
1413 2735 1476 2758 cx-

159 2765 325 2844 emPhCmil
330 2766 456 2798 ceteris
473 2777 537 2800 seu
554 2766 656 2800 certis
675 2777 738 2801 scu
754 2766 870 2801 dubiis
888 2778 909 2801 a
922 2767 1120 2803 Forcellino
1136 2768 1303 2805 laudatis.

208 2816 222 2830 ³²
279 2821 299 2844 o
327 2822 373 2846 cx
390 2823 470 2846 rem.

1545 2208 1639 2242 Edit.
