1918 3254
620 275 722 311 PRO
747 275 983 327 PLANCIO,
1363 275 1457 318 105

148 379 213 428 ad
246 380 540 428 coniecturae
576 386 758 429 statum
792 386 842 428 et
875 381 939 428 ad
961 380 1100 428 illum
1128 379 1457 444 compensati-

145 480 277 512 vum.
349 463 483 511 Nam
506 502 514 510 .
544 501 551 510 .
580 470 619 510 ,Ε
642 463 826 511 valebit
844 463 1002 525 gratia
1020 462 1275 511 Ciceronis
1298 462 1456 525 ipsius

144 552 192 594 et
208 562 383 594 eorum
399 546 486 610 qui
505 552 709 610 propter
733 545 873 592 illum
897 545 1109 593 Plancio
1125 545 1303 593 fuerint
1318 545 1457 592 adiu-

142 634 307 677 mento
338 630 404 676 ad
438 629 798 693 impetrandam
836 628 1136 675 aedilitatem.
1210 628 1319 675 Nec
1355 644 1456 675 non

141 711 288 759 etiam
321 728 411 775 per
442 711 538 759 hoc
566 749 576 759 .
608 748 618 758 .
644 709 688 759 ,ἃ
711 711 842 758 idest
877 710 1219 774 compensatio
1254 710 1456 757 exhibe-

139 790 289 850 bitur,
317 801 375 841 ut
397 794 592 851 iudices
628 811 713 842 reo
745 794 961 841 maxime
995 794 1239 857 prodesse
1268 792 1457 855 patian-

139 881 221 922 tur
261 877 325 923 ad
362 876 709 939 impunitatem
747 876 1007 940 praesentis
1041 875 1249 922 huiusce
1286 868 1455 921 discri-

135 957 280 1004 minis
305 974 364 1004 ea
382 958 625 1005 beneficia
647 975 755 1020 quae
794 958 1023 1006 Ciceroni
1049 956 1316 1021 praebuerit
1339 970 1455 1013 exo-

136 1037 273 1095 lanti,
306 1045 362 1086 ut
382 1040 589 1087 haberet
616 1040 666 1088 in
688 1041 879 1102 integro
905 1040 1063 1087 civem
1095 1039 1280 1102 patriae
1302 1055 1454 1101 quem

135 1129 435 1184 reposceret.
492 1122 717 1170 Verbum
741 1122 836 1169 hoc
857 1138 1060 1184 quoque
1078 1137 1179 1168 non
1204 1121 1452 1167 incuriose

135 1203 450 1261 adnotemus,
463 1206 598 1268 quod
617 1212 644 1230 “
662 1219 1007 1252 DEBITIONEM
1028 1217 1270 1250 PECUNIAE
1283 1187 1453 1249 dixit.”

202 1284 463 1333 GRATIAM
491 1302 673 1333 AUTEM
702 1302 767 1332 ET
787 1301 876 1334 QUI
904 1302 1107 1333 REFERT
1133 1300 1341 1333 HABET:
1381 1300 1447 1332 ET

134 1382 225 1417 QUI
252 1383 446 1425 HABET,
475 1366 560 1414 le
582 1384 645 1415 EO
673 1383 788 1415 Ipso
815 1383 953 1416 QUOD
979 1383 1172 1424 HABET,
1201 1383 1424 1415 REFERT.

198 1448 370 1497 Locus
405 1450 497 1498 etsi
520 1450 766 1512 generalis
804 1449 867 1496 de
893 1448 1043 1496 animi
1071 1449 1323 1511 religione,
1361 1449 1448 1512 qui

133 1532 356 1579 debitam
393 1548 485 1594 pro
522 1531 764 1578 beneficio
800 1531 1007 1592 gratiam
1045 1532 1236 1588 referat,
1280 1539 1447 1579 tamen

132 1630 299 1661 causae
320 1614 552 1677 praeseuti
577 1614 847 1677 plurimum
871 1613 1267 1675 patrocinabitur
1290 1615 1354 1661 ad
1379 1615 1446 1662 fa-

131 1712 298 1744 vorem
334 1696 588 1759 copiosius
623 1695 938 1742 ratiocinanti
963 1694 1053 1743 .M.
1083 1694 1271 1742 Tullio.
1330 1695 1442 1744 Nec

129 1795 227 1826 non
253 1779 398 1826 etiam
422 1779 561 1826 iuxta
592 1786 844 1842 praecepta
878 1777 1190 1841 sapientium,
1230 1777 1312 1839 qui
1343 1777 1443 1825 ani-

129 1877 236 1908 mos
260 1860 568 1923 ingratorum
590 1879 690 1909 non
715 1877 894 1924 parum
917 1860 1117 1908 cuidam
1142 1859 1333 1907 crimini
1357 1861 1442 1908 ob-

127 1943 307 1991 noxios
327 1944 640 2000 arbitrantur,
665 1945 865 2006 quando
885 1950 932 1990 et
948 1942 1236 2006 parentibus
1256 1949 1307 1990 et
1325 1943 1440 1991 ami-

127 2025 198 2073 cis
219 2032 268 2073 et
289 2025 654 2088 protectoribus
688 2026 861 2073 salutis
892 2032 1072 2073 nostrae
1101 2025 1197 2072 hoc
1222 2026 1438 2074 testimo-

124 2108 264 2155 nium
288 2108 576 2163 debeamus,
602 2115 655 2154 ut
677 2123 766 2154 nos
798 2107 846 2154 in
872 2115 1114 2170 quantum
1120 2106 1246 2170 fieri
1269 2115 1434 2171 potest

124 2197 292 2253 gratos
334 2190 616 2253 adprobare
656 2190 897 2237 velimus.g
956 2189 1037 2236 De
1074 2188 1266 2236 Officiis
1299 2189 1430 2237 idem

125 2272 238 2320 Lib.
268 2264 327 2320 Ι.ιι
363 2271 433 2319 sic
469 2271 563 2318 ait:
604 2279 632 2297 ‘⁵
659 2272 808 2325 Quod
841 2271 962 2318 sica
996 2288 1108 2334 quae
1136 2273 1321 2319 utenda
1355 2289 1432 2320 ac-

125 2365 153 2383 “
179 2356 386 2420 ceperis,
442 2356 628 2403 maiore
672 2372 918 2412 mensura,
969 2356 1009 2403 si
1052 2356 1203 2404 modo
1250 2357 1428 2419 possis,

167 2579 181 2594 ⁰
206 2575 377 2618 Spatium,
397 2577 474 2607 tum
491 2575 650 2618 sequitur
667 2573 793 2616 valebit,
811 2577 877 2607 etc.

166 2619 180 2639 ‘¹
206 2622 377 2664 Spatium.

166 2671 179 2685 ⁰
204 2667 309 2700 Forte
326 2667 549 2700 scribendum
569 2667 679 2712 paria.

165 2711 177 2732 f
200 2712 340 2746 Desunt
354 2713 389 2746 in
405 2714 527 2746 codice
544 2714 651 2746 verba
670 2722 712 2746 ET
731 2723 793 2749 om
812 2721 934 2746 ΗΑΒΕτ
952 2722 990 2746 lx

166 2764 182 2782 't
205 2758 329 2791 Codex
352 2760 372 2776 ‘⁶
390 2759 457 2792 hoc
482 2759 723 2793 testimonium
748 2759 952 2803 debeamus,
977 2769 1040 2794 nos
1060 2759 1098 2793 in
1122 2761 1293 2804 quantum
1309 2762 1426 2804 potest

119 2808 137 2822 ·’“
155 2807 272 2847 gratos
289 2805 482 2848 adprobare
494 2806 700 2850 possimus-''

163 2850 178 2895 ξ’
203 2850 289 2895 Cap.
307 2860 370 2886 xv-

1519 1284 1614 1318 Edit.
