1971 3263
748 317 848 352 PRO
873 317 1081 354 SCAURO.
1489 319 1549 363 13

314 412 715 461 Fallacissimum
745 431 902 477 genus
927 432 1037 463 esse
1061 413 1360 463 Phoenicum
1384 413 1552 462 omnia

247 502 568 544 monumenta
611 497 873 545 vetustatis
919 504 1072 561 atque
1114 514 1284 546 omnes
1326 495 1550 545 historiae

246 579 392 627 nobis
410 579 756 642 prodiderunt.
825 581 911 628 Ab
936 581 1010 628 his
1042 580 1135 629 orti
1152 578 1357 629 Pl1oe<ni¹
1378 578 1552 626 multis

248 662 734 726 Carthaginiensium
778 662 1181 719 rebellionibus,¹¹¹
1231 661 1402 708 multis
1454 660 1553 707 vio·

245 744 362 792 latis
389 745 662 809 fractisque
685 743 970 801 foederibus‚
1001 744 1124 791 nihil
1148 760 1201 791 se
1225 743 1553 805 degenerasse

245 827 544 875 docuerunt.
612 827 663 874 A
683 825 854 873 Poenis
870 826 1096 874 admixto
1114 825 1352 873 Afrorum
1374 839 1554 886 genere

245 907 394 956 Sardi
412 916 428 932 ¹²
450 926 551 956 non
570 907 777 956 deducti
799 907 849 955 in
874 907 1152 956 Sardiniam
1179 914 1330 971 atque
1353 905 1423 954 ibi
1442 922 1555 954 con-

245 990 421 1048 stituti,
480 992 572 1039 sed
624 991 909 1038 amandati⁰
965 998 1014 1039 et
1067 990 1319 1055 repudiati
1372 988 1554 1037 coloni.

206 1096 209 1099 ·
244 1073 417 1127 Quare
457 1090 574 1121 cum
610 1073 789 1136 integri
829 1073 955 1121 nihil
998 1074 1147 1121 fuerit
1185 1074 1235 1121 in
1274 1073 1368 1119 hac
1409 1077 1555 1134 gente

243 1156 407 1220 plena,
449 1173 602 1220 quam
633 1156 783 1204 valde
818 1172 927 1203 eam
961 1162 1197 1219 putamus
1234 1160 1311 1202 tot
1345 1153 1556 1200 transfu-

244 1237 469 1286 sionibus
515 1238 808 1286 coacuisse?
877 1237 979 1287 Hic
1019 1238 1141 1286 mihi
1181 1237 1413 1301 ignoscet
1454 1235 1554 1285 Gn.

246 1319 504 1368 Domitius
530 1320 839 1384 Si11gai11s*⁹
872 1321 947 1369 vir
980 1320 1329 1369 ornatissimus
1365 1320 1552 1383 hospes

244 1407 294 1450 et
323 1402 576 1450 familiaris
611 1420 782 1463 meus3
816 1403 1078 1466 ignoscent
1109 1405 1355 1466 queffiofffefiq
1389 1403 1452 1450 ab
1476 1419 1556 1451 eo-

243 1485 358 1532 dem
382 1484 482 1532 Gn.
508 1484 752 1548 Pompeio
788 1485 986 1533 civitate
1021 1486 1209 1543 donati,
1237 1503 1456 1549 quorum
1481 1492 1555 1532 ta-

243 1584 356 1615 men
381 1567 602 1615 omnium
626 1568 913 1615 laudatione
939 1568 1125 1616 utimur
1140 1575 1167 1627 3¹
1190 1568 1454 1631 ignoscent
1471 1566 1555 1616 alii

301 1820 327 1846 *
361 1817 473 1860 Nota
491 1826 548 1860 est
574 1820 617 1860 in
645 1819 856 1874 margine;
886 1822 913 1843 “
935 1818 1043 1860 Civis
1059 1832 1258 1870 romaum,
1280 1832 1399 1872 quem
1427 1831 1556 1858 roma-

244 1905 340 1932 num
356 1891 527 1931 fecerat’'
546 1890 665 1947 forte
686 1891 921 1949 Pompeius.

290 2104 299 2126 ¹
324 2105 457 2141 Phoeni.
505 2107 563 2140 Sic
579 2107 715 2141 Codex.

292 2157 316 2172 ¹¹¹
341 2153 429 2192 Cod,
444 2152 693 2187 rebelliinsz'bus.

291 2203 306 2218 ¹¹
329 2199 386 2232 De
403 2199 469 2233 hac
485 2200 673 2234 Sardorum
689 2200 823 2243 origine
837 2202 987 2234 testatur
1003 2201 1110 2235 etiam
1127 2201 1320 2235 Pausanias
1338 2202 1446 2236 Phoc,
1465 2211 1556 2237 xvil.

244 2245 340 2279 Tum
358 2246 463 2279 aliam
479 2246 644 2279 Afrorum
667 2246 917 2280 excensionem
942 2247 978 2280 iu
998 2247 1194 2280 Sardiniam
1209 2252 1408 2281 memorant
1425 2249 1556 2282 ibidem

245 2292 440 2326 Pausanias
471 2295 508 2325 et
535 2292 661 2325 Strabo
693 2293 773 2326 Lib.
793 2303 827 2326 v,
876 2293 924 2326 Et
949 2294 1092 2337 quidem
1118 2294 1244 2327 Strabo
1274 2295 1402 2327 diserte
1434 2294 1556 2328 scribit

244 2340 395 2388 ὕστερον
412 2338 450 2375 δὲ
472 2338 635 2380 Φοίνικες
653 2343 920 2389 κατεκράτησαν
940 2340 973 2376 οἱ
993 2341 1032 2376 ἐκ
1051 2340 1296 2393 Καρχήέονος
1318 2355 1431 2394 postea
1453 2348 1557 2382 Pl1ae-

243 2392 333 2425 uices
346 2391 513 2437 Carthagi
516 2392 566 2424 nis
579 2392 592 2425 i
595 2391 694 2425 neolae
708 2404 780 2425 enm
796 2392 1014 2426 obtinuerunt.

292 2443 306 2457 ⁰
331 2438 419 2471 Cod.
433 2439 612 2472 amendati.

294 2488 309 2508 ¹³
334 2484 453 2517 Etiam
468 2486 502 2518 in
525 2486 738 2528 Fragmento
763 2494 786 2517 i.
813 2484 908 2517 edito
933 2484 1038 2517 huius
1058 2484 1237 2520 Orationis
1259 2488 1461 2521 nominatur
1485 2487 1554 2522 Gn.

247 2529 437 2564 Domitius,
485 2531 554 2564 Sed
571 2531 627 2564 hic
641 2531 805 2574 Singaius
821 2531 961 2563 videtur
975 2532 1117 2565 Sardus.

293 2582 308 2603 ‘1
333 2577 389 2610 Sic
402 2577 523 2610 videor
537 2578 652 2622 legere
668 2578 703 2610 in
721 2576 865 2617 Codice,
892 2577 1025 2610 litteras
1041 2581 1160 2611 tamen
1187 2579 1312 2612 dubias
1334 2580 1476 2623 punctis
1492 2590 1555 2613 no-

245 2624 329 2656 tavi.
376 2623 512 2657 Vereor
528 2635 585 2657 me
598 2628 694 2658 recte
709 2634 781 2658 non
797 2624 922 2666 legero,
939 2624 1022 2667 quia
1033 2624 1088 2657 hic
1098 2627 1250 2668 populus
1266 2626 1302 2658 in
1312 2627 1472 2660 Sardinia
1481 2637 1555 2660 non

246 2669 332 2702 mihi
357 2671 509 2704 occurrit
531 2671 626 2714 apud
651 2669 880 2714 Geographos
904 2675 1051 2703 veteres.
1100 2671 1207 2704 Porro
1233 2672 1282 2705 ait
1303 2673 1429 2706 Cicero
1454 2673 1554 2706 Orat.

242 2726 309 2760 -pro
327 2715 489 2749 Cornelio
506 2717 620 2750 Balbo
636 2726 709 2750 xlv.
756 2720 778 2734 “
795 2717 874 2749 Lex
891 2716 1008 2749 Gellia
1032 2720 1068 2750 et
1092 2717 1256 2751 Comelia
1272 2719 1414 2753 definite
1438 2723 1555 2764 potes-

247 2763 269 2778 “
286 2765 396 2795 tatem
414 2763 582 2806 Pompeio
598 2763 778 2796 civitatem
794 2763 949 2796 donandi
965 2763 1143 2797 dcderat.”

294 2812 306 2851 Γ
331 2807 386 2841 De
403 2809 664 2843 Laudatoribus
680 2810 716 2843 in
729 2809 868 2843 iudiciis
886 2809 965 2843 vide
982 2820 1085 2854 supra
1100 2821 1133 2854 p.
1155 2813 1207 2844 12.
1224 2814 1308 2845 nota
1320 2815 1352 2846 4.
