1918 3254
595 301 697 337 PRO
722 298 934 335 ARCHIA.
1356 294 1416 338 61

172 402 254 450 De
275 400 391 448 .Gn.
429 397 673 462 Pompeio
709 396 809 444 dici
842 394 1173 443 manifestum.
1244 389 1314 439 Et
1336 407 1422 454 op-

103 491 330 549 portune,
390 481 630 546 quoniam
673 495 826 543 supra
878 477 1180 525 mentionem
1234 476 1422 522 fecerat

103 565 403 614 Macedonis
428 563 709 612 Alexandri
734 561 814 610 cui
848 562 945 608 hoc
968 561 1101 608 idem
1126 574 1422 622 cognomen·

101 656 209 696 tum
248 648 355 704 fuit,
406 648 469 695 de
514 644 759 709 Pompeio
796 642 1022 691 dicturus
1058 641 1242 690 adiecit
1284 648 1313 667 “
1338 639 1422 688 hic

103 737 132 756 “
157 731 369 778 noster.’'

169 812 510 862 EPIGRAMMA
539 828 597 860 IN
625 826 735 860 EUM
762 824 1010 857 FECISSET
1040 821 1417 856 TANTUMMODO

101 911 367 943 ALTERNIS
394 910 666 942 VERSIBUS.

170 978 253 1025 Ab
279 977 510 1040 exemplo
546 975 904 1032 adiudicando‚
930 992 1031 1023 non
1066 975 1172 1022 sine
1196 974 1422 1022 differen·
1463 1002 1466 1005 ⁴

100 1059 170 1106 tia
185 1065 351 1106 tamen
373 1073 711 1121 personarum,
736 1058 842 1104 haec
867 1057 1231 1120 argumentatio
1255 1056 1424 1119 imple·

100 1150 214 1201 tur:,
253 1141 330 1189 .L.
367 1141 560 1204 Syllam
594 1148 774 1205 praeter
810 1146 1002 1188 ceteros
1039 1139 1241 1187 Archiae
1277 1139 1423 1185 ‹latu-

101 1241 209 1271 rum
246 1224 493 1272 civitatem
533 1240 791 1271 romanam
830 1223 985 1271 fuisse
1024 1230 1186 1288 poetae
1224 1221 1424 1269 nobilis-

102 1305 245 1362 simo,
282 1307 514 1368 quoniam
557 1306 715 1353 malos
755 1306 1028 1371 plerosque
1065 1305 1425 1353 existimaverit

102 1389 437 1437 honorandos.
507 1389 748 1436 Alternos
782 1389 931 1452 igitur
961 1390 1134 1436 versus
1171 1387 1294 1435 dicit
1326 1387 1426 1435 ele-

100 1471 284 1533 giacos,
331 1471 502 1518 metris
544 1471 741 1519 scilicet
785 1471 1189 1519 dissentientibus
1241 1470 1422 1518 varios,

107 1550 310 1600 Primus
335 1558 501 1599 autem
526 1552 726 1602 videtur
750 1553 1022 1616 elegiacum
1048 1568 1251 1601 carmen
1275 1552 1426 1600 scrib-

106 1634 234 1682 sisse
273 1634 545 1682 Kallinos.a
628 1635 806 1684 Adicit
845 1635 1146 1683 Aristoteles
1185 1643 1426 1699 praeterea‘

105 1716 203 1764 hoc
242 1733 398 1779 genus
438 1724 614 1781 poetas
651 1717 1016 1765 Antimachum
1066 1716 1427 1774 Colofonium,¹‘

106 1794 474 1848 Archilochum
530 1799 753 1860 Parium,
807 1800 1164 1849 Mimnermum
1223 1799 1426 1848 Colofo-

107 1881 258 1938 nium,
305 1900 522 1946 quorum
564 1900 774 1931 numero
818 1883 1025 1931 additur
1070 1883 1220 1932 etiam
1267 1882 1425 1932 Solon

106 1963 495 2012 Atheniensium
517 1964 685 2027 legum
710 1966 926 2014 scribtor
946 1967 1306 2015 nobilissimus,

173 2045 259 2094 Ex
283 2061 373 2094 HIS
398 2062 563 2096 REBUS
589 2064 718 2097 QUAS
745 2065 1034 2098 VENDEBAT
1062 2065 1235 2100 wssrr
1261 2058 1426 2099 ΕΝΙΜΕ

152 2289 166 2305 ²
192 2284 280 2319 Cod.
295 2286 464 2320 mendose
477 2286 624 2321 Aliinos.
670 2287 871 2321 Emendavi
885 2290 1006 2321 autem
1019 2285 1177 2321 Kallitws
1188 2297 1307 2330 graeca
1317 2286 1429 2320 forma

107 2335 246 2365 servata
260 2343 323 2375 pro
336 2332 497 2367 Callinns.
543 2334 593 2367 Et
609 2334 751 2378 quidem
768 2334 874 2367 huius
889 2337 1005 2378 poetae
1020 2344 1150 2367 nomen
1167 2333 1271 2367 scribi
1287 2343 1431 2376 corrup-

108 2381 187 2412 tum
202 2378 309 2417 etiam
325 2380 421 2423 apud
446 2381 662 2413 Pausaniam
685 2384 723 2414 et
738 2381 909 2414 Nicandri
933 2380 1179 2423 Scholiastem‚
1204 2380 1274 2412 iam
1293 2380 1429 2412 notaxit

108 2423 258 2457 Vossius
276 2425 364 2458 Inst.
381 2426 508 2469 poetic.
524 2427 603 2460 Lib.
622 2436 674 2460 111.
691 2437 768 2470 cap.
784 2430 818 2461 9.
866 2427 924 2460 De
948 2427 976 2459 C
980 2427 1087 2460 allino
1105 2430 1225 2460 autem
1242 2426 1430 2469 Elegiaco⁴

108 2481 186 2503 rum
204 2477 388 2514 poetarum
413 2473 570 2516 principe
586 2472 632 2507 V.
659 2473 775 2506 Procli
798 2473 1119 2506 Clrrestomathiam
1145 2473 1240 2516 apud
1263 2472 1430 2505 Photium

110 2517 198 2550 Cod.
215 2519 296 2552 239.
342 2519 436 2554 Item
450 2519 486 2551 iu
500 2519 668 2555 Putschio
683 2519 775 2553 Mar.
788 2519 960 2553 Victorin.
977 2531 1011 2564 p.
1024 2521 1128 2553 2555.
1173 2519 1270 2553 Tum
1280 2529 1314 2563 p.
1325 2521 1430 2552 2420.

108 2561 364 2597 Terentianum
381 2564 537 2600 Marum.
556 2566 616 2608 qui
632 2566 680 2599 ita
698 2566 839 2600 scribit:

203 2609 471 2644 Pentametrum
488 2611 652 2645 dubitant
670 2613 748 2655 quis
764 2612 897 2656 primus
913 2612 1056 2646 finxerit
1075 2613 1219 2646 Auctor.

202 2654 358 2695 Quidam
372 2667 445 2690 non
460 2657 626 2692 dubitant
641 2659 759 2692 dicere
776 2658 989 2692 Callinoum.

157 2698 172 2719 b
197 2701 265 2734 Pro
281 2701 519 2748 Colophonium
535 2704 581 2738 V.
596 2706 642 2738 ad
659 2706 758 2738 Orat.
775 2705 812 2738 in
829 2703 922 2738 Clod.
940 2709 976 2738 et
992 2704 1072 2739 Cur.
1088 2716 1122 2748 p.
1139 2708 1192 2738 ll.
1208 2716 1242 2739 n.
1259 2708 1292 2740 2.

158 2752 171 2765 ’ἐ
197 2747 254 2780 Sic
278 2747 367 2782 Cod.
382 2749 481 2783 enim.
527 2750 622 2784 Tum
643 2752 806 2796 proetium
821 2761 904 2785 cum
918 2751 1151 2795 (1101111100ςο,
1175 2753 1270 2795 qnod
1296 2755 1331 2786 et
1349 2750 1433 2786 alibi

113 2804 208 2838 swpc
224 2794 292 2827 udi
311 2795 345 2828 in
363 2796 516 2841 antiquis
533 2797 645 2832 Codd.
664 2809 730 2832 uec
746 2808 817 2832 non
829 2810 974 2844 prcrcor,
986 2810 1124 2844 praees,
1142 2798 1369 2844 ‹blm-aluvala.

1482 828 1578 863 Edit.

1482 877 1528 911 N.
1539 877 1602 910 254
