1971 3263
625 314 993 348 DISSERTATIO.
1312 307 1461 340 XXXV

156 422 413 473 Orationis
444 439 540 486 pro
581 424 762 473 Flacco
797 422 1144 472 subiiciuntur.
1215 415 1298 465 De
1317 415 1462 463 cuius

156 523 360 572 Codicis
385 529 540 580 aetate,
568 540 723 587 quum
744 539 852 570 eam
884 530 1004 569 tunc
1038 516 1328 567 sententiam
1353 531 1464 578 pro-

154 621 384 677 tule1·im,‘³
396 621 539 668 cuius
553 623 778 669 nondum
795 637 874 668 me
889 619 1108 684 poenitet,
1125 634 1256 666 nunc
1273 615 1464 680 aliquid

155 719 276 768 mihi
310 720 606 784 explicatius
638 719 997 782 disputandum
1034 726 1124 765 est.
1219 718 1336 771 Qua
1371 732 1462 778 ego

157 819 509 882 disquisitione
533 825 801 880 utrumque
824 834 919 864 una
933 817 1314 881 palimpsestum
1333 833 1465 864 com-

153 917 356 981 plectar,
374 918 589 980 priorem
609 932 803 981 nempe,
835 918 885 965 in
904 934 1005 980 quo
1025 926 1192 981 partes
1216 916 1463 964 continuae

156 1016 415 1064 Ciceronis
433 1033 546 1064 cum
570 1016 801 1072 Scholiis‚
823 1023 873 1063 et
896 1016 1107 1063 alterum
1139 1017 1187 1063 in
1213 1033 1316 1079 quo
1343 1014 1465 1063 Par-

157 1122 231 1163 tes
250 1115 475 1178 abruptae
500 1132 616 1163 cum
634 1115 1022 1163 Commentario.
1093 1115 1205 1179 Ego
1224 1116 1374 1178 igitur
1393 1115 1464 1162 sic

156 1215 255 1261 fere
277 1214 461 1272 iudico,
482 1214 659 1277 prioris
695 1215 898 1263 Codicis
921 1216 1133 1279 primam
1150 1215 1463 1278 scripturam,

158 1314 297 1376 quod
317 1313 414 1360 iam
432 1314 691 1371 indicavi,b
709 1316 771 1362 ad
799 1316 853 1363 11.
887 1323 976 1363 aut
993 1316 1071 1363 111.
1092 1315 1329 1363 saeculum
1351 1332 1363 1373 ς
1400 1313 1468 1360 al-

156 1412 309 1460 terius
345 1414 554 1476 primam
591 1415 708 1462 item
742 1415 1042 1478 scripturam
1084 1416 1148 1462 ad
1187 1430 1259 1461 lv.
1303 1420 1392 1461 aut
1416 1429 1463 1459 V.

157 1511 399 1558 saeculum
420 1512 678 1574 pertinere.

227 1609 350 1658 Duo
374 1618 541 1658 autem
557 1611 808 1676 praecipue
827 1613 876 1660 in
897 1614 972 1661 his
997 1613 1274 1662 Codicibus
1300 1615 1465 1661 obser·
1524 1614 1686 1658 Antiqua

1483 1660 1675 1704 Orthogra-

155 1709 318 1756 vanda
337 1714 467 1756 sunt.
499 1710 855 1774 orthographia
890 1712 1118 1760 nimirum
1154 1722 1202 1762 et
1221 1714 1463 1776 Calligra-
1482 1707 1685 1797 {12³¹ssss

156 1807 289 1871 phia.
360 1807 430 1856 Et
460 1807 827 1874 Orthographia
863 1813 1065 1875 quidem
1097 1815 1273 1861 eadem
1307 1831 1464 1878 prope
1482 1800 1663 1845 hmpsesti.

156 1911 234 1953 est
279 1905 326 1952 in
362 1913 576 1970 utroque
634 1909 850 1958 Codice:
907 1912 1153 1974 siquidem
1196 1913 1466 1977 utrobique

155 2006 256 2052 fere
290 2005 462 2053 videas
482 2006 586 2054 haec
606 2009 914 2071 antiquitatis
935 2011 1165 2074 vestigia:
1203 2014 1469 2060 adulescen-

154 2106 243 2153 tia.
262 2105 414 2168 aliqui
430 2122 520 2168 pro
544 2108 733 2170 aliquis.
763 2110 901 2156 aliut.
920 2119 1052 2174 aput.
1068 2113 1201 2158 auris
1219 2128 1308 2174 pro
1331 2129 1468 2159 aures

155 2209 207 2252 et
230 2204 423 2251 similia.
449 2213 616 2253 cetera.
637 2223 727 2270 pro
746 2217 934 2256 coetera.
958 2209 1103 2258 Clocli
1122 2228 1213 2275 pro
1237 2211 1403 2259 Clodii
1421 2219 1470 2260 et

155 2303 348 2361 similia,
383 2305 586 2352 sednon
622 2322 831 2369 semper.
856 2309 1073 2370 epistula.
1113 2310 1317 2357 avolare.
1342 2310 1467 2357 illut.

155 2404 279 2452 idem
300 2420 390 2467 pro
413 2406 569 2452 iidem.
604 2407 749 2453 isdem
778 2423 867 2470 pro
903 2410 1082 2456 iisdem.
1123 2411 1162 2455 is
1187 2426 1276 2472 pro
1301 2411 1375 2457 iis.
1401 2411 1470 2456 in-

158 2502 285 2550 latus
307 2510 356 2549 et.
375 2503 569 2551 similia.
586 2506 858 2571 intellegere
881 2524 970 2570 pro
994 2510 1275 2573 intellegere,
1303 2510 1470 2572 kaput.

159 2601 360 2650 karita&
396 2605 539 2667 nequi
561 2621 653 2667 pro
689 2609 865 2669 nequis.
903 2611 1116 2670 optinere
1155 2625 1243 2671 pro
1263 2608 1474 2657 obtinere

162 2706 216 2747 et
236 2699 426 2749 similia.
447 2704 756 2769 pervolgare.
790 2715 1021 2769 quamtus.
1061 2711 1282 2771 querella.
1320 2727 1473 2774 quom.

176 2817 1473 2839 Ἢ

390 2872 404 2935 Z
428 2870 473 2903 In
485 2871 582 2906 Edit.
598 2883 732 2927 nupera
752 2876 893 2923 Fragm.
912 2879 1026 2918 Cicer.
1041 2881 1139 2926 praef.
1156 2893 1190 2930 p.
1204 2892 1269 2917 ΧΠ.

389 2956 404 2960 ᾖ
428 2916 528 2952 Loco
541 2929 655 2966 nuper
667 2924 789 2960 citato.
