1918 3254
615 283 716 319 PRO
732 281 922 319 sYLLA.
1363 285 1389 325 7
1396 283 1427 326 9

120 381 526 438 coniurationem,
554 380 650 429 reis
669 387 835 430 tamen
854 380 1079 429 eiusdem
1103 376 1321 426 criminis
1346 393 1430 440 pa-

120 465 426 526 trocinetur3
483 481 627 512 versa
672 463 1048 527 quodammodo
1102 461 1211 508 vice
1261 459 1428 524 ipsum

118 550 439 613 Torquatum
463 547 608 611 quasi
631 547 944 595 defensorem
969 543 1327 593 coniurationis
1362 542 1432 590 in-

120 631 339 688 simulat,
380 637 431 678 et
471 630 594 678 dieit
633 628 814 677 imitari
854 645 969 676 eum
1005 626 1294 675 Tribunum
1335 623 1431 673 .Pl.

121 715 212 781 qui
234 714 446 763 moleste
469 729 643 777 peenas
668 711 925 759 hominum
947 710 1270 774 publicorum
1294 710 1433 756 ferat.

123 797 384 861 Significat
417 795 651 844 videlicet
687 794 765 842 .L.
803 793 1136 858 Calpurnium
1166 792 1435 848 Bestiam,e

122 881 225 928 sive
248 882 381 943 [nam
419 886 471 926 et
497 879 593 926 hoc
631 877 879 941 suspicari
911 876 1203 941 possumus]
1228 876 1306 929 .Q.
1329 873 1437 921 Me·

122 962 298 1010 tellum
334 959 625 1023 Nepotem.f
713 960 840 1007 Post
879 961 1016 1023 quod
1063 959 1352 1022 exemplum
1386 957 1436 1005 in

122 1045 219 1093 fine
243 1042 537 1090 sententiam
561 1041 748 1105 posuit,
771 1043 911 1104 quod
935 1057 1093 1104 genus
1110 1042 1160 1088 in
1186 1040 1435 1088 Tullianis

124 1125 436 1175 orationibus
474 1140 640 1171 rarum
683 1130 773 1171 est.
861 1123 1081 1171 Difficile
1118 1131 1208 1180 est,
1253 1123 1433 1186 inquit,

123 1216 292 1257 tacere
332 1224 444 1256 cum
485 1207 675 1254 doleas,
746 1205 913 1254 Dolor
953 1206 1083 1253 enim
1129 1206 1435 1269 quibusdam

124 1289 387 1339 tormentis
411 1288 561 1337 animi
586 1288 857 1337 laborantis
877 1289 1067 1336 effusus
1089 1289 1156 1336 ad
1183 1289 1438 1353 impatiene

124 1374 245 1422 tiam
264 1372 402 1421 vocis
427 1371 658 1435 erumpit.

134 1476 138 1480 ·
195 1457 302 1511 QUI
342 1470 536 1503 FILIUM
580 1469 721 1501 SUUM
769 1469 898 1502 VITA
938 1470 1219 1511 PRIVAVIT,
1263 1470 1331 1502 υτ
1372 1470 1430 1502 IN

129 1545 399 1586 CETEROSg
436 1553 713 1585 FIRMARET
751 1553 1049 1585 IMPERIUM.

196 1620 278 1669 De
316 1620 503 1668 familia
537 1618 785 1683 Torquati
828 1627 1091 1668 mutuatur
1133 1620 1437 1685 exemplum,

130 1719 234 1767 quo
255 1703 469 1751 validius
493 1702 560 1750 ad
585 1718 884 1750 consensum
908 1702 1204 1765 adigeretur,
1237 1703 1443 1766 punien-

132 1787 225 1835 dos
249 1803 280 1834 a
300 1803 402 1850 rep.
426 1785 580 1834 fuisse
602 1785 773 1834 hostes
797 1785 926 1833 intra
960 1785 1140 1834 moenia
1171 1785 1444 1849 deprehen-

134 1883 233 1924 sos,
272 1883 387 1914 cum
430 1884 522 1932 per
559 1873 854 1915 contextum
893 1868 967 1914 sui
1000 1868 1190 1931 generis
1222 1869 1471 1917 recorde-‘

132 1947 248 1997 tur¹¹
281 1949 509 1997 extitisse
543 1949 632 2012 qui
669 1949 854 1997 Filium
892 1949 1058 2013 capite
1090 1950 1304 2013 puniret.
1376 1950 1446 1999 Et

134 2033 230 2081 hoe
269 2031 320 2080 in
359 2032 473 2080 loco
511 2031 760 2079 Manlium
798 2031 1044 2094 signifieat
1089 2032 1176 2095 qui
1214 2049 1326 2081 cum
1367 2033 1443 2083 .P.

182 2230 196 2245 ε
220 2225 266 2259 L.
291 2224 504 2268 Calpurnius
525 2224 649 2258 Bestia
665 2228 869 2259 recensetur
893 2235 914 2258 a
932 2224 1098 2258 Sallustio
1126 2225 1219 2258 inter
1245 2225 1447 2259 coniuratos

134 2282 219 2306 cum
234 2271 401 2305 Catilina.
449 2271 548 2305 Huic
562 2271 695 2305 Bestiae
713 2272 854 2305 tribuno
871 2272 924 2305 Pl.
937 2272 1146 2305 mandatum
1163 2274 1238 2305 erat
1254 2283 1274 2304 a
1291 2272 1447 2305 Lentulo

132 2318 220 2351 item
232 2319 427 2357 coniurato,
440 2321 482 2351 ut
496 2318 624 2351 Romae
637 2318 808 2351 concione
821 2318 953 2359 habita,
969 2321 1174 2361 quereretur
1190 2318 1234 2351 de
1248 2318 1447 2352 actionibus

135 2364 327 2399 Ciceronis.
374 2365 421 2398 V.
442 2365 583 2398 Sallust.
608 2364 698 2398 Bell.
724 2364 829 2399 Catil.
847 2364 945 2398 Edit.
961 2365 1070 2398 Paris.
1088 2364 1171 2398 anni
1190 2367 1290 2399 1674.
1316 2375 1374 2409 pp.
1393 2367 1447 2400 14.

135 2413 173 2445 et
186 2413 244 2446 34.

184 2455 196 2476 f
219 2457 266 2498 Q.
278 2457 366 2491 item
382 2457 575 2491 Metellum
595 2457 774 2500 Nepotem
796 2456 841 2491 de
866 2457 1127 2491 coniuratorum
1144 2468 1254 2501 poena
1275 2468 1448 2502 eonquesa

136 2505 214 2537 tum
243 2504 349 2537 refert
371 2503 441 2537 Dio
468 2504 547 2537 Lib.
565 2513 713 2538 xxxvii.
729 2506 786 2537 42.
811 2503 928 2537 Immo
949 2504 1045 2536 idem
1071 2504 1242 2537 Metellus
1266 2504 1448 2537 Tribunus

136 2550 347 2583 Ciceronem
360 2552 546 2583 consulatu
564 2550 755 2583 abeuntem
771 2550 978 2583 concionem
995 2550 1124 2584 habere
1137 2550 1325 2594 prohibuit,
1341 2553 1448 2594 atquc

138 2596 172 2629 ei
188 2599 327 2629 tantum
338 2600 380 2630 ut
391 2597 521 2630 iuraret
534 2600 651 2630 vetere
665 2607 762 2630 more
778 2597 945 2641 permisit.
978 2597 1024 2630 V.
1039 2597 1268 2630 Plutarchum
1284 2597 1321 2630 in
1338 2597 1446 2633 Cicer.

138 2644 175 2674 et
188 2642 353 2683 Dionem,
371 2646 448 2676 tum
464 2643 662 2677 Asconium
675 2643 720 2676 ad
738 2643 836 2677 Orat.
854 2643 891 2676 in
902 2642 1022 2677 Pison.
1040 2654 1073 2687 p.
1093 2646 1169 2678 158.
1218 2643 1351 2677 Contra
1367 2644 1450 2677 Me-

139 2687 212 2721 telli
228 2688 456 2730 Concionem,
478 2690 540 2734 qui
557 2689 767 2723 Ciceronem
792 2689 889 2733 apud
903 2691 1076 2733 populum
1103 2689 1302 2723 maledictis
1317 2690 1447 2734 prosci-

139 2734 250 2776 derat,
275 2737 399 2769 extant
424 2735 535 2780 ipsius
558 2736 668 2770 Tullii
697 2736 913 2780 Fragmenta
941 2735 1121 2770 Orationis
1145 2736 1342 2779 cuiusdam,
1368 2748 1448 2780 qnae

142 2780 222 2813 vide
239 2780 286 2813 sis
301 2781 338 2814 in
353 2782 447 2816 Edd.

187 2832 204 2852 Β
229 2826 322 2860 Edd.
337 2827 375 2861 iu
389 2828 516 2862 ceteris.
563 2829 634 2863 Sed
648 2829 775 2863 melius
794 2829 930 2864 Codex,

191 2871 204 2892 '¹
232 2872 355 2907 Codex
371 2875 576 2909 recordatur.

1506 1469 1604 1504 Edit.

1490 1516 1536 1550 N.
1559 1520 1617 1551 32.
