1971 3263
442 259 500 301 10
914 257 1013 291 PRO
1038 256 1249 293 scAuRo.

435 356 646 422 putem?
681 355 953 420 praesertim
978 354 1065 418 qui
1087 357 1211 420 quid
1234 372 1374 405 amor
1396 355 1645 404 fraternus
1665 370 1744 403 va-

437 439 550 494 leat,
587 455 728 502 paene
762 441 942 500 praeter
978 444 1170 486 ceteros
1211 439 1432 488 sentiam.
1502 440 1577 488 At
1613 438 1743 487 enim

438 520 612 568 Frater
631 519 727 566 iam
749 534 848 566 non
867 517 1014 582 petit3
1051 518 1178 582 quid
1190 520 1327 567 tum?
1362 521 1403 568 si
1421 521 1505 569 ille
1523 527 1744 570 retentus

437 619 467 649 a
489 607 670 649 cuncta
699 599 824 648 Asia
855 599 1124 664 supplice,‘¹
1147 600 1188 648 si
1212 618 1242 649 a
1265 603 1676 665 negotiatoribus,
1703 602 1746 650 si

437 700 466 730 a
483 681 782 746 publicanis,
809 682 850 730 si
886 683 948 730 ab
974 682 1208 732 omnibus
1237 683 1447 742 civibus,
1470 685 1616 733 sociis
1633 700 1749 755 exo-

435 771 575 813 ratus
600 764 889 828 anteposuit
906 765 1082 813 honori
1101 782 1192 814 suo
1226 767 1492 814 commoda
1516 766 1751 820 salutem„

436 864 537 911 que
574 847 854 910 provinciae,
882 853 1149 911 propterea
1181 853 1441 912 putassem
1472 854 1523 896 et
1553 848 1752 896 exulce-

434 938 600 978 ratum
619 931 837 979 animum
863 930 1008 978 facile
1041 930 1269 995 potuisse
1294 930 1497 978 sanari?
1567 932 1750 986 Quam-

439 1029 591 1077 quam
621 1013 672 1060 in
711 1013 819 1061 istis
844 1013 1078 1062 omnibus
1118 1015 1283 1072 rebus,
1326 1014 1603 1077 praesertim
1628 1021 1752 1078 aput

436 1095 662 1144 homines
682 1096 939 1153 barbaros,
960 1095 1130 1159 opinio
1149 1097 1266 1161 plus
1284 1097 1416 1144 valet
1440 1113 1573 1161 saepe
1598 1113 1752 1161 quam

440 1196 520 1226 res
568 1179 694 1243 ipsa.
767 1187 795 1205 “
822 1179 1128 1227 Persuasum
1171 1186 1263 1226 este
1299 1179 1488 1235 Sardis,
1532 1196 1585 1226 se
1628 1178 1752 1227 nihil

441 1268 472 1288 “
497 1261 673 1326 Appio
717 1262 910 1325 gratius
964 1279 1076 1309 esse
1129 1263 1367 1318 facturos,
1416 1279 1568 1325 quam
1608 1261 1651 1309 si
1689 1262 1752 1308 de

442 1350 471 1370 “
497 1343 675 1391 Scauri
698 1345 828 1391 fania
869 1345 1215 1392 detraxe1·int.”
1285 1344 1567 1390 Multorum
1604 1343 1752 1391 etiam

440 1443 530 1490 spe
573 1428 951 1475 commodorum
1007 1426 1432 1488 praemiorumque
1479 1426 1752 1475 ducuntur.

441 1506 625 1554 Omnia
647 1507 906 1555 consulem
930 1513 1110 1572 putant
1139 1525 1304 1574 posse,
1325 1508 1601 1572 praesertim
1619 1508 1752 1557 ultro

439 1589 780 1653 pollicentem.
852 1589 934 1638 De
971 1607 1074 1653 quo
1100 1590 1246 1655 plura
1283 1590 1380 1638 iam
1423 1608 1523 1639 non
1569 1590 1749 1640 dicam.

444 1672 767 1735 Quamquam
804 1689 863 1720 ea
894 1689 1008 1735 quae
1033 1671 1140 1720 dixi
1161 1689 1260 1720 non
1280 1689 1425 1720 secus
1450 1672 1572 1730 dixi,
1598 1691 1752 1737 quam

443 1754 486 1802 si
518 1754 624 1801 eius
665 1756 814 1803 frater
859 1771 1048 1802 essem:
1087 1771 1178 1802 nec
1213 1754 1271 1803 isf
1294 1755 1382 1818 qui
1406 1762 1455 1802 et
1473 1761 1550 1802 est
1585 1761 1634 1802 et
1665 1755 1753 1818 qui

440 1837 606 1884 multa
625 1836 770 1894 dixit,
797 1838 887 1885 sed
918 1837 958 1884 is
983 1836 1074 1900 qui
1104 1854 1196 1899 ego
1215 1837 1267 1884 in
1289 1844 1474 1885 meumg
1500 1838 1753 1886 consuevi.

444 1917 629 1966 Generi
654 1917 805 1980 igitur
822 1920 976 1967 totius
1002 1919 1337 1968 accusationis
1361 1919 1605 1978 resistere,
1625 1920 1755 1968 iudi-

443 2016 541 2056 σεε,
566 2001 787 2048 debetis:
824 2001 873 2048 in
893 2017 995 2064 quo
1031 2001 1152 2050 nihil
1176 2003 1443 2060 moderate,
1485 2003 1611 2051 nihil
1641 2020 1756 2052 con-

443 2082 675 2139 siderate,
696 2082 818 2130 nihil
841 2082 1057 2147 integre:
1087 2092 1263 2133 contra
1280 2086 1524 2151 improbe,
1537 2086 1752 2143 turbide,

443 2165 742 2222 festinanter,
767 2166 970 2231 rapide:
1009 2168 1176 2215 omnia
1195 2169 1576 2233 conspiratione,
1603 2169 1755 2233 impe-

442 2247 531 2305 rio,
572 2248 885 2306 auctoritate,
926 2267 1029 2314 spe,
1077 2251 1256 2299 minish
1297 2251 1476 2300 videtis
1518 2268 1627 2298 esse
1649 2267 1755 2298 sus-

445 2336 604 2395 cepta.

484 2471 504 2523 ‘d
532 2472 663 2506 Recole
678 2475 838 2518 superius
854 2476 1025 2510 scholium
1041 2477 1103 2511 ubi
1128 2478 1194 2512 iste
1213 2478 1383 2511 Claudius
1400 2477 1528 2511 dicitur
1557 2478 1654 2512 Asiae
1667 2489 1756 2523 prae-

442 2518 550 2552 fuisse
568 2523 706 2562 praetor.

490 2569 503 2584 Θ
528 2566 578 2598 Hi
596 2566 667 2599 duo
677 2577 797 2601 versus
811 2571 893 2602 sunt
908 2569 994 2603 editi
1006 2570 1043 2604 in
1056 2570 1277 2614 Fragmentis
1295 2570 1472 2604 Orationis
1494 2570 1600 2604 huius
1614 2571 1753 2605 collecti

443 2611 579 2645 scilicet
592 2623 637 2644 ex
649 2613 825 2648 Arusiano
841 2614 972 2650 Messo.

490 2655 501 2677 s
524 2657 611 2690 Cod.
625 2670 690 2692 uon
706 2659 744 2692 is.

489 2708 505 2773 ἰ
530 2703 636 2783 {oiim
652 2706 888 2785 supplenhdum
899 2708 1072 2753 Fratrem,
1089 2712 1151 2744 aut
1165 2710 1282 2756 potius
1298 2710 1562 2746 emendandum
1579 2710 1614 2745 in
1625 2722 1708 2746 eum.

562 2761 582 2784 Ο
611 2775 618 2784 .
635 2763 724 2797 Spelit
740 2763 775 2786 ln
813 2765 852 2790 Is.
