1918 3254
596 290 995 326 ALEXANDRINO.
1392 292 1455 335 49

145 404 327 439 smum
352 402 599 445 DEDERlS,
628 405 810 437 REGEM
838 405 904 437 ET
930 404 1125 436 socmM
1152 403 1218 435 ET
1239 402 1454 435 AMICUM

146 488 419 520 mchBo.

209 556 298 603 Ad
338 556 574 603 tuendam
626 554 868 602 rationem
912 552 1119 616 pudoris
1169 550 1460 615 exsequitur

143 654 242 685 non
268 639 445 686 decere
480 639 719 703 populum
756 635 836 685 .R.
873 635 962 682 has
999 641 1275 699 potestates
1298 634 1460 697 regias

144 721 424 777 nundinari,
482 728 539 769 ut
586 720 784 768 obiecta
827 718 1046 781 quadem
1097 716 1292 764 senatui
1337 716 1462 764 facie

144 805 488 868 turpitudinis,
537 804 590 851 id
630 804 705 851 vel
750 800 968 849 maxime
1018 799 1307 847 faciendum
1352 815 1461 847 esse

142 886 461 949 persuadeat,
489 886 628 950 quod
652 885 717 933 sit
740 900 1022 947 congruens
1047 881 1312 931 honestati.

213 967 335 1014 CUM
379 982 504 1013 ILLE
556 974 692 1013 REX³
745 982 828 1014 slT
880 980 1263 1022 1NTERFECTUS,
1317 978 1462 1012 HUNc

146 1047 401 1096 PUERUMb
436 1064 496 1096 IN
536 1047 705 1095 SYRIA
745 1063 944 1095 Fulssn.

211 1131 339 1179 Haec
376 1137 639 1179 sumuntur
664 1131 727 1178 de
749 1130 875 1178 locis
900 1128 1343 1186 coniecturalibus,
1376 1128 1464 1191 qui

147 1221 262 1261 sunt
285 1213 432 1277 primi
453 1213 689 1262 videlicet
720 1213 770 1260 in
801 1213 951 1260 huius
983 1218 1146 1260 status
1171 1211 1412 1259 divisione
1436 1227 1467 1257 a

146 1295 400 1344 voluntate
442 1302 491 1343 et
528 1296 783 1344 facultate.
855 1294 990 1343 Nam
1026 1295 1167 1358 quod
1209 1292 1468 1358 peritiamc

146 1377 265 1425 facit
309 1377 560 1426 meliorem
606 1377 892 1434 voluntatis,
946 1384 1025 1424 est
1080 1393 1181 1424 non
1237 1376 1468 1440 potuisse

148 1458 481 1507 Ptolemaeum
508 1459 820 1524 kapitalibus
858 1458 990 1507 odiis
1027 1459 1288 1515 dissidere,
1315 1475 1468 1521 quem

144 1541 350 1605 puerilis
387 1542 648 1589 infirmitas
698 1544 761 1591 ab
804 1542 1099 1591 huiusmodi
1131 1541 1470 1590 obstinatione

146 1629 420 1671 revocaret.
493 1623 775 1672 Facultatis
813 1631 890 1672 est
931 1633 1103 1673 autem
1138 1626 1278 1688 quod
1311 1625 1379 1672 ait
1419 1625 1468 1672 in

150 1704 298 1768 Syria
337 1706 505 1762 fuisse,
549 1712 605 1752 ut
647 1707 828 1754 absens
868 1724 1057 1755 moram
1096 1724 1196 1754 non
1239 1707 1474 1755 habuerit

148 1787 285 1835 illius
309 1788 651 1846 interficiendi,
677 1806 826 1852 quem
853 1789 1119 1838 dicebatur
1142 1790 1471 1839 interemisse.

216 1870 407 1919 ATQUE
447 1887 612 1919 ILLUD
650 1889 821 1921 ETIAM
852 1889 1130 1922 CONSTARE
1177 1889 1346 1922 VIDEO
1389 1890 1476 1922 RE·
1535 1863 1540 1867 ι

153 1968 266 1999 GEM
307 1969 478 2001 1LLUM
516 1970 625 2002 CUM
664 1971 914 2004 REGINAM
968 1956 1265 2006 SOROREMd
1311 1973 1471 2015 SUAM,

201 2132 215 2148 ²
241 2130 449 2164 Alexander
466 2141 503 2165 11.
519 2143 582 2165 rex
601 2132 761 2176 AEgypfi,
786 2133 832 2166 de
853 2143 925 2176 quo
942 2133 1130 2177 Appianas
1147 2133 1240 2166 Bell.
1257 2134 1324 2167 civ.
1350 2133 1432 2167 Lib.
1451 2143 1474 2168 1.

155 2178 490 2275 p..?9l(3){o¹omaeum'
512 2225 574 2268 qui
598 2225 714 2258 dictus
738 2228 795 2258 est
818 2226 979 2260 Auletes,
1042 2225 1154 2260 Hunc
1180 2230 1300 2259 autem
1326 2237 1478 2270 puerum

156 2268 261 2301 smsse
277 2281 311 2303 m
330 2270 430 2313 Syria
445 2271 541 2305 dicet
555 2272 677 2305 statim
693 2271 802 2305 etiam
818 2272 1013 2317 InterpreS.

203 2319 216 2335 ⁰
243 2315 490 2362 Cod.peritioe.

203 2360 218 2382 ⁸³
244 2362 452 2396 Alexander
467 2373 506 2397 11.
524 2364 682 2408 AEgnito
697 2375 761 2397 rex
777 2364 882 2398 datus
899 2376 920 2398 a
936 2364 1043 2407 Sylla,
1069 2365 1190 2398 statim
1207 2365 1313 2398 duxit
1327 2375 1478 2400 uxorem

157 2406 381 2450 Berenicem,
416 2411 513 2454 quod
537 2411 672 2444 indicat
697 2415 733 2443 et
757 2411 946 2454 Appianus
971 2411 1061 2445 Bell.
1086 2412 1154 2445 civ.
1180 2411 1262 2445 Lib.
1289 2421 1312 2445 1.
1337 2423 1371 2455 p.
1397 2415 1477 2447 690.

158 2454 255 2488 Haec
280 2459 355 2489 erat
371 2456 447 2489 eius
462 2468 560 2490 soror
576 2458 757 2500 patruelis,
783 2457 868 2500 quia
891 2458 963 2490 filia
986 2458 1174 2491 Ptolemaei
1200 2457 1362 2500 Lathuri,
1386 2461 1479 2492 teste

158 2500 337 2535 Pausania
360 2502 397 2535 in
421 2503 533 2536 Attio.
557 2514 635 2546 cap.
662 2513 712 2537 lx.
761 2504 844 2547 Ipse
871 2508 954 2536 aute
978 2504 1187 2537 Alexander
1204 2514 1243 2538 11.
1259 2504 1351 2538 filius
1368 2505 1481 2539 Alex·-

160 2548 260 2580 andri
276 2557 299 2581 1.
324 2547 438 2582 fratris
463 2549 624 2583 Lathuri.
666 2550 701 2582 fl
709 2561 774 2583 auc
789 2560 944 2583 sororem
959 2554 994 2582 et
1006 2561 1154 2584 uxorem
1173 2550 1305 2584 occidit
1320 2551 1482 2585 Alexan-

161 2593 224 2626 der
240 2603 279 2627 11.
294 2596 336 2627 ut
346 2594 414 2628 hoc
430 2596 508 2629 loco
525 2597 710 2629 confirmat
723 2597 868 2630 Cicero:
895 2601 930 2629 et
945 2597 1090 2639 quidem
1104 2600 1284 2631 recentem
1299 2598 1481 2641 anupfiis;

162 2648 245 2672 nam
268 2641 503 2686 ipse-quoque
528 2643 736 2676 Alexander
760 2643 900 2675 decimo
925 2653 1018 2676 nono
1035 2643 1104 2683 die.
1122 2654 1167 2677 ex
1184 2654 1255 2687 quo
1271 2653 1420 2687 regnum
1436 2646 1482 2677 ea

163 2684 228 2717 sibi
243 2687 410 2729 copulata
432 2688 569 2728 inierat,
595 2699 615 2721 a
639 2689 771 2732 populo
787 2689 1034 2723 Alexandrino
1051 2690 1231 2723 concitato
1246 2689 1482 2733 interemptus

162 2734 228 2763 est.
245 2731 289 2764 V.
305 2732 432 2767 iterum
450 2735 654 2778 Appianum
674 2736 751 2768 loeo
768 2735 875 2778 paulo
898 2739 982 2769 ante
1000 2736 1121 2769 citato.
1171 2736 1353 2769 Successit
1369 2737 1483 2770 Alex-

164 2776 274 2810 ander
291 2786 343 2812 111.
357 2779 462 2813 frater
479 2786 515 2814 ut
533 2782 672 2815 videtur
689 2782 856 2819 Secundi,
872 2781 972 2826 isque
990 2793 1114 2826 regum
1124 2783 1151 2816 it
1168 2782 1269 2816 annis
1287 2792 1360 2816 xxi.
1385 2783 1480 2816 Tum

809 2844 838 2873 E
