1918 3254
618 292 720 329 PRO
755 291 990 332 PLANCIO..
1359 292 1375 332 1
1387 291 1450 335 09

157 393 263 440 haec
285 388 544 438 laenocinia
565 389 730 453 potius
754 388 987 436 adhibere
1018 386 1245 435 fallendis
1278 386 1454 435 iudici-

155 475 263 531 buS,
304 489 456 537 quam
492 489 604 521 vere
648 471 921 521 secundum
966 470 1112 519 animi
1152 470 1227 518 sui
1266 478 1454 518 motum

154 557 314 605 facere
336 556 657 612 existimetur,
687 556 947 604 adseverat
980 553 1206 618 Cispium
1230 553 1326 601 hoc
1351 568 1454 600 suae

156 639 396 688 orationis
437 640 638 687 adfectu
679 654 779 686 non
819 637 1078 699 indignum
1123 636 1289 693 fuisse,
1339 646 1456 683 cum

154 721 288 785 quoh
320 730 437 787 post
462 720 693 771 amicitiae
711 719 1167 771 reconciliationem
1201 720 1272 767 ita
1305 719 1457 782 parti-

155 804 324 868 cipatu
342 805 547 853 fortunae
568 821 666 852 suae
691 804 911 851 dolorem
931 803 1156 860 senserit,
1178 809 1235 850 ut
1251 802 1456 866 inpense

154 886 293 949 diligi
319 885 613 935 mereretur.i

220 969 330 1016 SED
366 984 440 1015 ME
477 983 586 1015 cmx
619 984 842 1016 TANTUM
882 983 981 1016 IAM
1019 967 1265 1016 PLANclo
1298 983 1455 1016 DEBE-

154 1066 280 1107 REM,
323 1049 523 1098 RACILI
551 1049 862 1096 BENEFICHk
897 1066 1075 1097 Fmssr:
1107 1066 1453 1098 CONTENTUM.

220 1133 604 1181 Extenuaturus
629 1131 801 1181 merita
826 1131 939 1180 aGn.
966 1131 1164 1180 Plancii
1189 1150 1298 1196 quae
1328 1134 1458 1181 intu-

154 1214 273 1262 lisse
306 1214 355 1263 in
394 1214 485 1263 .M.
520 1214 749 1262 Tullium
782 1213 1048 1271 videretur,
1090 1215 1152 1262 de
1191 1214 1266 1262 .L.
1309 1215 1457 1263 etiarn

156 1296 354 1345 Racilio
383 1297 612 1360 quaedam
647 1295 931 1343 Laterensis
967 1305 1454 1355 commemoraverat,

153 1380 243 1444 qui
276 1379 434 1443 magis
462 1379 750 1427 adiumento
774 1377 1007 1426 Ciceroni
1031 1379 1188 1427 fuisse
1211 1380 1454 1436 videatur,-

154 1479 271 1511 cum
311 1462 553 1510 Plancius
584 1462 635 1509 in
665 1461 923 1508 tribunatu
957 1477 1048 1509 suo
1073 1478 1174 1509 non
1197 1468 1457 1524 tantopere

155 1545 220 1593 sit
252 1562 344 1610 pro
376 1545 599 1592 eiusdem
638 1542 948 1591 restitutione
972 1544 1186 1591 conisus,
1256 1544 1336 1592 Ne
1361 1545 1456 1593 hoc

153 1628 305 1691 igitur
341 1628 384 1675 ei
418 1628 617 1674 deesset
640 1626 703 1673 ad
727 1625 948 1688 gratiam,
989 1628 1264 1683 confitetur,
1290 1627 1455 1675 animo

154 1709 492 1775 promtissimo
518 1708 667 1755 etiam
697 1708 829 1755 hunc
869 1707 1132 1755 Plancium
1163 1725 1279 1771 erga
1315 1709 1456 1757 resti-

155 1793 397 1841 tutionem
417 1807 558 1839 suam
574 1791 740 1838 fuisse.
811 1790 912 1838 Sed
933 1790 1168 1853 quoniam
1190 1792 1353 1838 omnia
1369 1801 1457 1854 per'

160 1874 415 1923 Racilium
438 1874 737 1922 videbantur
760 1873 979 1937 impleta,
1004 1890 1102 1921 non
1129 1875 1379 1937 expetisse
1403 1890 1456 1921 se·

156 1957 295 2013 dicit,
322 1964 377 2004 ut
401 1956 547 2003 etiam
571 1956 655 2003 ille
683 1971 747 2003 ex
782 1956 1036 2019 superfluo
1067 1956 1329 2012 laboraret,
1368 1956 1456 2021 qui

155 2047 348 2089 tantum
381 2038 475 2086 sibi
507 2038 558 2087 in
587 2044 842 2101 quaestura
881 2038 1219 2086 Macedonica
1248 2041 1456 2101 praestit—

155 2123 292 2171 isset.
330 2121 488 2169 Extat
510 2127 672 2168 autem
693 2119 922 2168 Libellus
940 2120 1160 2168 eiusdem
1182 2121 1452 2180 CiceroniS‚

156 2289 320 2336 “plures
335 2291 551 2331 dicebamus,
566 2291 822 2334 perorationem
836 2290 921 2323 mihi
938 2295 1055 2323 tuncn
1072 2300 1194 2323 omnes
1210 2292 1455 2335 relinquebant

153 2339 177 2355 “
204 2364 211 2371 .
239 2363 246 2370 .
273 2363 281 2371 .
307 2338 380 2370 Mis
382 2338 538 2370 eratione
552 2348 615 2370 nos
631 2338 679 2370 ita
696 2337 854 2370 dolenter
869 2337 920 2370 mi
937 2337 1100 2373 solemus
1124 2341 1162 2369 ut
1179 2348 1199 2379 1
1204 2347 1326 2371 uerum
1343 2339 1454 2372 iufau-

166 2385 273 2417 ⁴tem
294 2384 331 2417 in
357 2384 474 2416 manib
467 2394 518 2416 ms
541 2388 763 2427 perorantem
791 2383 1026 2417 tenuerimus·
1065 2389 1104 2415 ut
1121 2384 1212 2415 alia
1204 2394 1239 2416 lu
1258 2395 1375 2425 causa,
1393 2396 1455 2418 cx-

155 2429 179 2448 “
204 2432 312 2464 citato
329 2441 387 2463 reo
404 2430 522 2464 nobili.
546 2430 684 2463 sublato
700 2429 807 2462 etiam
823 2430 893 2463 filio
908 2440 1026 2473 parvo,
1049 2429 1216 2472 plangore
1234 2434 1269 2463 ct
1284 2432 1456 2465 lamenta-

155 2479 177 2495 “
203 2477 299 2510 tione
316 2477 570 2519 compleremus
588 2475 732 2509 sorum.''

204 2521 219 2543 ¹¹
244 2524 398 2557 Videtur
419 2523 663 2565 corrigendum
679 2534 752 2555 cnm
768 2522 807 2555 is.
866 2523 959 2555 Nam
985 2522 1126 2566 Cispius
1142 2523 1256 2556 exulis
1274 2523 1455 2558 Ciceronis

157 2572 321 2605 misertus
337 2571 460 2603 fuerat.
473 2574 515 2601 ut
528 2569 624 2602 vides
640 2569 675 2601 in
693 2569 758 2602 hoc
774 2569 853 2602 loco
869 2569 1055 2602 Orationis,

205 2617 210 2620 ’
203 2618 359 2651 'Codex
374 2621 528 2648 meretur.

203 2662 218 2685 '¹
243 2665 339 2699 Nota
355 2661 543 2695 lectionem
568 2661 741 2700 diversam
758 2661 802 2694 ab
817 2664 900 2694 autc
924 2661 1021 2695 edita
1046 2660 1208 2706 beneficiis
1222 2662 1275 2696 xel
1292 2662 1454 2707 beneficio.

158 2710 254 2744 Nota
270 2710 377 2743 etiam
391 2714 576 2741 contentum
591 2719 672 2742 cum
691 2708 856 2745 σειιίῖίιο
874 2712 908 2740 et
925 2718 991 2741 nox
996 2719 1053 2741 um
1073 2708 1116 2740 Ιιυ
1109 2719 1138 2740 »c
1157 2710 1383 2750 exemplum
1377 2720 1455 2744 sn-

159 2760 284 2789 taxeos
299 2753 433 2789 adiice
424 2754 476 2791 1is.
493 2765 573 2805 quae
591 2765 653 2788 scu
670 2754 809 2787 dubia>
795 2765 855 2788 scu
873 2759 967 2788 certa
990 2755 1091 2788 laud
1082 2759 1107 2787 t
1135 2754 1156 2787 1
1157 2755 1350 2789 'orccmnus
1380 2767 1396 2787 x
1403 2766 1453 2788 oc.

158 2814 207 2835 roz
207 2808 326 2836 dentem
340 2812 412 2835 cum
425 2800 584 2845 gmiititmo
