1918 3254
593 263 660 298 ET
696 262 984 297 cumoNEM.
1401 263 1463 307 :23

156 360 399 408 adversus
429 358 657 424 auspicia
682 359 853 409 Poenis
886 359 1047 409 classe
1070 358 1312 408 conflixit.
1384 358 1465 406 Ea

153 459 328 506 pugna
351 441 696 492 Romanorum
721 461 870 492 naves
893 443 1151 508 perierunt
1172 447 1322 491 cxx.⁸
1355 440 1461 494 ,Ob

152 526 206 574 id
224 527 410 575 factum
429 527 536 575 dies
552 528 594 575 ei
619 528 755 576 dicta
778 526 1137 592 perduellionis
1157 543 1186 574 a
1203 523 1398 573 Pulliob
1414 532 1465 573 et

154 609 420 658 Fundanio
446 610 532 658 Tr.
560 610 638 659 Pl.
668 611 798 660 Cum
829 609 1031 657 comitia
1061 610 1168 657 eius
1191 609 1262 657 rei
1291 610 1464 657 fierent

150 699 202 740 et
224 693 461 741 centuriae
487 694 939 749 introducerentur,
960 698 1234 755 tempestas
1259 692 1463 740 turbida

150 783 325 824 coorta
367 782 457 824 est.
526 774 718 822 Vitium
759 774 1072 824 intercessit.c
1149 774 1338 822 Postea
1371 773 1459 822 Tr.

149 855 230 905 Pl.
253 858 656 915 intercesserunt,
684 875 745 905 ne
769 856 929 905 idemd
955 857 1182 906 homines
1207 857 1257 905 in
1281 855 1459 905 eodem

145 939 441 1003 magistratu
480 939 840 1003 perduellionis
882 940 960 988 bis
1000 941 1215 988 eundem
1255 954 1460 988 accusa-

143 1028 268 1071 rent.
338 1022 520 1085 Itaque
543 1021 739 1070 actione
766 1030 974 1079 mutata,
1001 1023 1178 1071 iisdem
1215 1037 1458 1070 accusan-

143 1104 281 1154 tibus
320 1104 481 1153 multa
519 1104 748 1169 inrogata
788 1104 1010 1170 populus
1048 1121 1164 1153 eum
1204 1103 1458 1152 damnavit

144 1186 255 1235 aeris
275 1187 437 1251 gravis
463 1203 585 1236 cxx.
612 1188 851 1236 millibus.

208 1269 297 1318 ΑΤ
333 1286 456 1328 CUM,
488 1287 695 1329 INQU1T‚
725 1287 1028 1321 ABSOLUTUS
1064 1287 1207 1321 Novo
1244 1285 1454 1321 QUIDEM

144 1368 351 1402 HERCLE
378 1369 540 1410 MORE,
576 1369 664 1403 CUI
702 1370 801 1403 UNI
835 1370 1109 1404 ABSOLUTO
1131 1370 1284 1403 LITEs
1308 1368 1458 1402 AEsTx-

145 1453 302 1486 MATAE
327 1453 480 1486 SUNT.

207 1518 482 1567 Victoriam
524 1536 727 1584 quoque
766 1519 941 1568 iudicii
985 1518 1173 1568 Orator
1210 1518 1456 1567 convertit

141 1602 192 1651 in
213 1602 454 1659 dedecus,
476 1602 734 1665 inopinata
756 1602 912 1649 inlata
932 1602 1225 1650 huiusmodi
1249 1618 1452 1665 respon-

141 1685 292 1734 sione.
366 1686 505 1734 Lites
538 1692 705 1733 autem
734 1684 984 1732 damnatis
1016 1684 1112 1732 reis
1141 1683 1454 1731 aestimaban-

140 1776 237 1826 tur,
264 1786 379 1818 cum
406 1768 598 1817 taxatio
627 1767 851 1832 pecuniae
878 1768 1042 1823 fiebat,
1073 1783 1185 1830 quae
1209 1765 1306 1813 illis
1333 1766 1453 1813 adfi-

137 1859 353 1915 geretur.
422 1852 674 1906 Quoniam
697 1868 723 1898 e
747 1866 832 1898 reo
855 1866 957 1898 non
980 1849 1279 1914 probatione
1310 1848 1451 1900 inno·

141 1935 314 1983 centiae
329 1935 418 1982 sed
434 1935 683 1999 corruptis
697 1932 895 1982 iudiciis
905 1933 1068 1981 fuerat
1080 1931 1294 1980 Clodius
1305 1931 1450 1979 abso-

183 2214 199 2230 ὃ
221 2208 317 2244 Vide
330 2210 518 2252 Polybium
533 2210 577 2244 ad
589 2220 721 2244 annum
734 2219 812 2245 xw.
825 2210 927 2254 primi
937 2209 1021 2242 belli
1034 2208 1154 2252 punici
1167 2207 1281 2251 (Edit.
1295 2207 1447 2241 Amstel.

140 2259 239 2291 1670.
253 2257 296 2290 T.
313 2266 334 2290 1.
351 2268 384 2301 p.
402 2257 524 2299 74-75)
541 2257 601 2301 qui
616 2260 737 2290 tamen
752 2257 802 2290 ait
817 2256 960 2300 periisse
985 2266 1093 2289 naves
1118 2264 1345 2288 romanorum
1369 2258 1447 2287 tan-

136 2305 213 2336 tum
230 2312 333 2337 xcm.
359 2303 490 2337 Classis
508 2304 629 2347 utique
646 2303 786 2337 Claudii
799 2302 985 2336 constabat
1002 2302 1152 2335 navibus
1167 2310 1254 2335 cxx.
1268 2304 1310 2333 ut
1325 2300 1447 2334 scribit

137 2350 284 2383 Orosius
300 2350 381 2383 Lib.
399 2360 448 2384 lv.
466 2350 553 2392 Cap.
572 2353 625 2384 10.

182 2395 197 2416 ¹³
220 2396 279 2430 Ila
294 2396 382 2430 Cod.
399 2409 420 2430 α
437 2396 564 2430 Pallio.
614 2396 684 2429 Sed
710 2395 859 2429 Tullium
875 2406 917 2428 eo
934 2405 1026 2428 anno
1040 2405 1151 2427 unum
1169 2405 1188 2427 e
1205 2392 1354 2427 tribunis
1371 2403 1448 2436 pro-

134 2442 200 2522 ἐπὶ
215 2443 372 2485 Pighius.
419 2443 540 2477 Iunius
565 2441 690 2477 Pullus
710 2448 786 2476 erat
810 2443 937 2476 eodem
962 2452 1055 2475 anno
1079 2441 1226 2484 Collega
1243 2439 1385 2473 Claudii
1408 2440 1446 2473 in

161 2490 344 2523 consulatu.

181 2539 195 2555 ⁶
218 2535 265 2569 V.
281 2535 401 2569 Valer.
418 2535 569 2569 Maxim.
587 2536 668 2570 Lib.
687 2545 765 2570 vm.
784 2535 870 2580 Cap.
888 2535 917 2568 Ι.
934 2538 966 2569 4.
1000 2534 1098 2568 Hinc
1112 2533 1171 2566 illa
1186 2531 1335 2565 formula
1349 2532 1446 2576 apud

137 2581 264 2615 latinos
285 2594 418 2616 servare
433 2582 473 2616 de
489 2582 576 2616 coelo.
625 2583 684 2616 Sic
709 2583 834 2616 Cicero
859 2582 1010 2626 Philipp.
1030 2590 1065 2614 v.
1090 2590 1166 2623 cap.
1194 2588 1246 2612 111-
1288 2581 1309 2596 ⁴⁶
1324 2578 1445 2619 Quam

137 2631 158 2643 ‘⁶
183 2627 298 2671 legem
314 2640 351 2662 se
368 2639 480 2673 augur
496 2629 673 2662 Antonius
697 2629 782 2662 dicit
807 2629 940 2671 tulisse,
965 2638 1037 2661 non
1060 2627 1167 2660 modo
1191 2628 1337 2658 tonante
1353 2625 1444 2665 love,

135 2674 156 2689 “
183 2674 245 2707 sed
268 2685 375 2720 prope
390 2676 520 2709 caelesti
537 2677 691 2709 clamore
707 2675 928 2720 prohibente,
944 2675 1036 2709 hanc
1052 2671 1229 2708 dubitabit
1243 2675 1367 2706 contra
1384 2682 1444 2705 au-

137 2721 158 2736 4·
226 2719 234 2726 ⁶
260 2720 268 2726 ·
584 2722 590 2728 ·
604 2723 636 2744 ’,υ

182 2722 680 2813 Ξρὲἶὲῗίξῗέζῗιᾱέηῗῖῗτῗξέἆεω,
697 2769 799 2803 solita
814 2769 915 2811 crasi,
933 2767 1114 2802 Iotacismi
1128 2765 1264 2800 vitandi
1278 2775 1396 2799 causa.
