1918 3254
606 277 707 313 PRO
743 273 980 312 PLANCIO.
1361 275 1450 316 103

215 376 290 428 Ut
317 391 370 423 se
390 373 674 423 Laterensis
709 375 994 423 ostenderet
1028 373 1266 422 aedilitate
1302 373 1454 420 fuisse

151 456 361 506 Plancio
396 457 687 520 digniorem,
725 462 1195 505 commemoraverat
1229 472 1281 503 se
1319 455 1455 518 apud

152 539 402 592 Praeneste
421 539 570 587 ludos
588 539 832 587 edidisse:
864 537 1074 600 Cyrenis
1094 537 1241 586 etiam
1261 553 1456 585 summa

148 620 446 670 liberalitate
489 621 539 669 in
591 621 884 686 publicanos
935 621 1121 683 egisse:
1183 621 1232 667 in
1278 620 1454 668 Socios

149 703 301 751 fuisse
332 703 550 766 denique
577 703 916 752 iustissimum.
997 704 1122 757 Quae
1159 702 1324 750 omnia
1360 702 1455 749 iac·

150 785 338 834 tantius
360 787 423 833 ab
456 786 542 833 illo
577 786 713 833 dicta
744 802 895 848 quam
933 785 1181 847 eleganter
1213 784 1372 832 elevet
1407 792 1457 831 et

151 869 334 916 abiciat
360 868 449 919 .M.
469 868 672 916 Tullius
698 869 1088 916 consideremus.
1142 866 1456 915 Persuadere

149 950 257 997 vult
277 967 494 1013 namque
516 951 682 997 omnia
702 950 789 997 illa
813 968 925 1013 quae
949 949 1065 997 foris
1090 949 1310 1012 gesserit,
1333 956 1458 1012 aput

150 1030 504 1079 conscientiam
528 1032 699 1094 populi
725 1031 806 1078 .R.
827 1032 980 1078 latere
1002 1031 1242 1094 potuisse.
1295 1030 1377 1077 Ac
1396 1046 1458 1077 ne

153 1113 382 1161 acerbius
419 1113 638 1161 animum
669 1113 871 1161 laederet
901 1112 1166 1168 audientis,
1205 1113 1268 1159 de
1302 1128 1460 1174 quaes-

154 1201 266 1242 tura
300 1213 393 1243 sua
432 1196 532 1258 egit
565 1213 666 1244 non
705 1196 808 1243 sine
845 1197 1005 1257 figura
1045 1195 1461 1257 οοηιΡα,ι·ιιῐιόηι“.ς.3

154 1278 302 1331 Quod
325 1294 440 1325 cum
464 1277 691 1340 Lilybaeo
707 1278 722 1300 ¹³
747 1278 995 1325 decedens
1016 1276 1261 1324 Puteolos
1282 1276 1461 1324 adven-

153 1367 320 1416 tasset,
352 1377 524 1408 omnes
553 1377 669 1408 eum
697 1359 1032 1423 ignoraverint
1060 1359 1221 1422 primo
1254 1376 1316 1406 ex
1353 1376 1471 1423 pro-7

153 1441 329 1498 vincia,
363 1449 496 1490 tumc
532 1442 714 1489 deinde
746 1459 809 1489 ex
842 1441 1027 1497 Sicilia,
1057 1439 1152 1488 add
1183 1446 1463 1489 extremum

152 1541 216 1571 ex
233 1523 522 1586 Lilybitana
539 1524 720 1572 venire.
791 1524 985 1578 Quibus
1010 1523 1118 1586 ipse
1135 1523 1272 1570 varia
1296 1523 1465 1571 scisci-

152 1606 373 1654 tantibus
411 1607 680 1654 novissime
719 1623 836 1654 cum
877 1606 1199 1669 permistione
1243 1606 1463 1669 quadam

153 1688 396 1737 stomachi
441 1689 768 1752 responderit,
812 1705 865 1735 se
904 1689 968 1735 ad
1009 1705 1168 1750 aquas
1203 1689 1373 1751 potius
1414 1690 1464 1737 iu

156 1770 481 1833 Campaniam
499 1771 706 1827 venisse,
728 1777 784 1818 ut
807 1769 1218 1832 interrogationes
1242 1770 1466 1834 ipsorum

155 1853 217 1899 ab
252 1869 306 1899 se
336 1860 604 1915 respueret,
633 1868 762 1916 quos
802 1852 1008 1899 moleste
1042 1853 1230 1902 ferebat
1264 1856 1462 1918 ignaros

154 1951 264 1982 esse
288 1942 569 1997 quaesturae,
589 1952 743 1998 quam
767 1952 820 1982 se
844 1935 1134 1986 meminerat
1151 1955 1332 2002 magna
1351 1955 1465 1986 cum

154 2017 306 2064 laude
324 2017 553 2079 gessisse.
624 2017 832 2066 Proficit
849 2019 911 2065 ad
937 2019 1073 2066 illam
1092 2021 1465 2083 responsionem

155 2099 315 2146 multa
352 2099 527 2147 Romae
561 2099 776 2162 ignorari
813 2117 925 2163 quae
958 2101 1078 2148 foris
1112 2110 1253 2165 gesta
1288 2112 1400 2150 sunt
1436 2124 1466 2152 a

156 2182 487 2235 senatoribus,
560 2182 640 2229 Ac
655 2190 917 2245 propterea
935 2182 1257 2231 Laterensem
1282 2185 1466 2234 frustra

152 2262 203 2310 in
244 2263 355 2319 illis,
398 2280 510 2326 quae
553 2271 694 2310 extra
735 2265 904 2311 urben]
951 2274 1186 2328 gesserat,
1226 2267 1463 2317 habuisse

155 2345 408 2394 fiduciam.
479 2346 536 2394 In
559 2357 781 2394 extremo
808 2356 970 2395 tamen
995 2350 1092 2396 fine
1111 2349 1261 2397 huius
1285 2351 1462 2414 capitis

154 2427 410 2490 aliquanto
436 2429 697 2476 obscurius
723 2429 877 2477 dixit:

222 2509 331 2558 SED
361 2527 425 2558 EA
453 2528 561 2567 RES,
590 2511 822 2568 Itmcsss,
853 2529 998 2560 HAUD
1033 2530 1145 2562 selo
1171 2531 1240 2562 Ax
1269 2531 1462 2563 PLURIS
1486 2522 1493 2525 “

158 2607 286 2639 MIHI
321 2609 530 2649 FUERIT,
563 2609 709 2642 QUAM
743 2610 788 2641 SI
825 2611 951 2642 MIHI
984 2611 1095 2643 TL‘M
1136 2612 1334 2645 ESSENT
1369 2614 1464 2647 OM-

160 2688 257 2719 NES
293 2690 617 2724 GRATULATI.

201 2818 216 2833 ²
241 2816 435 2858 Spatiolnm
451 2818 488 2851 in
505 2819 649 2862 Codice,
666 2820 761 2864 quod
777 2821 826 2853 sic
843 2821 974 2863 replevi
992 2832 1038 2854 cx
1055 2822 1270 2855 coniectura.

201 2860 215 2881 ¹³
241 2861 327 2895 Cod.
346 2863 473 2908 Lz'hglae.
730 2872 742 2886 ι’
769 2866 856 2900 Cod.
874 2873 962 2901 tunc.
1219 2868 1233 2889 ὁ
1260 2869 1347 2902 Cod.
1365 2869 1414 2902 de.

1532 2538 1628 2572 Edu.

1521 2584 1566 2618 N.
1582 2588 1636 2619 66.
