1971 3263
642 286 1009 322 msSERTA'rIo.
1383 273 1472 322 xxi

174 394 449 443 Vatiniana)
468 395 788 460 praeponitur.
857 396 964 444 Iam
997 411 1115 444 vero
1147 400 1354 460 putatur
1376 396 1475 446 As-

167 493 341 541 conius
364 501 728 543 commentatus
750 496 903 545 fuisse
925 496 975 544 in
999 512 1169 545 omnes
1198 498 1300 545 fere
1333 496 1474 546 Cice-

164 593 295 641 ronis
319 593 600 643 Orationes.

227 699 277 742 6.
313 693 374 741 In
415 695 618 743 Codicis
659 693 1027 743 Commentario
1072 695 1140 743 ad
1182 695 1472 744 Orationem

163 808 256 856 pro
291 792 504 842 Plancio
537 793 786 842 Editionis
816 801 997 842 nostrae
1030 810 1079 858 p.
1117 799 1196 843 99.
1229 794 1349 842 satis
1382 794 1474 857 sig-

161 891 333 939 nificat
355 891 554 939 Auctor
577 908 630 939 se
655 893 914 957 scripsisse
937 893 988 940 iu
1011 892 1264 942 Verrinas.
1334 893 1471 942 Tum

163 991 228 1038 ad
253 990 396 1039 Orat.
429 993 481 1038 in
521 990 771 1038 Vatinium
805 1009 854 1055 p.
891 997 999 1040 122.
1034 993 1116 1049 ait,
1156 1010 1289 1057 saepe
1324 1010 1378 1040 se
1409 995 1473 1041 fe-

162 1090 291 1139 cisse
322 1090 623 1138 mentionem
652 1091 819 1154 legum
854 1091 1005 1140 AEliae
1036 1098 1084 1139 et
1120 1092 1293 1139 Fufiae.
1363 1092 1472 1139 Iam

160 1191 354 1239 veroin
376 1191 611 1238 Verrinas
646 1189 850 1254 scripsit
886 1189 1159 1247 Asconius,
1196 1196 1255 1237 ut
1285 1190 1336 1237 in
1374 1191 1473 1239 edi-

160 1289 378 1338 tionibus
399 1289 567 1337 videre
591 1295 680 1338 est.
749 1288 884 1336 Tum
907 1289 1033 1352 legis
1063 1289 1104 1337 F
1110 1291 1221 1337 ufiae
1251 1290 1474 1337 meminit

160 1406 330 1438 revera
351 1389 401 1437 in
424 1389 567 1437 Verr.
597 1391 653 1438 de
667 1397 814 1452 proet.
838 1389 942 1436 urb.
969 1406 1079 1452 cap.
1104 1404 1240 1437 XLII.
1324 1389 1472 1438 AEliae

161 1495 208 1536 et
246 1487 405 1536 Fufiae
443 1496 612 1536 contra
636 1488 812 1536 Ρὶεοη.
838 1505 950 1552 cap.
987 1504 1060 1536 lv.
1131 1488 1312 1537 Plures
1348 1490 1471 1537 alias

159 1587 509 1650 congruentias
538 1588 666 1635 inter
700 1587 981 1635 Asconium
1014 1588 1206 1635 editum
1238 1595 1286 1635 et
1323 1588 1472 1636 Com-

157 1686 452 1735 mentarium
477 1686 723 1734 ineditum
748 1685 850 1733 suis
885 1686 1009 1734 locis
1041 1686 1169 1733 infra
1204 1694 1471 1746 notamus;

157 1804 236 1836 ex.
260 1804 332 1850 gr.
358 1786 424 1833 ad
455 1785 599 1834 Orat.
624 1785 810 1833 editam
830 1802 928 1848 pro
955 1783 1011 1832 C.
1048 1783 1274 1833 Cornelio
1300 1786 1473 1833 scribit

160 1886 443 1937 Asconius:
483 1893 510 1912 “
550 1884 650 1933 Hic
684 1890 761 1932 est
795 1883 960 1940 Cotta,
1000 1884 1063 1931 de
1088 1901 1190 1947 quo
1214 1884 1312 1932 iam
1339 1902 1472 1949 saepe

161 1993 189 2015 “
214 1985 476 2035 diximuS.’'
545 1983 613 2031 Et
631 2000 800 2031 revera
819 1984 952 2047 apud
974 1983 1306 2047 Interpretem
1324 1984 1471 2031 etiam

156 2093 382 2136 nostrum
408 2084 592 2132 dicitur
629 2084 692 2130 de
722 2083 819 2130 hoc
853 2082 1005 2130 Cotta
1028 2083 1093 2130 ad
1119 2082 1261 2130 Orat.
1286 2084 1337 2129 in
1364 2081 1473 2130 Clo-

158 2190 289 2237 dium
311 2194 357 2233 et
384 2183 639 2232 Curionem
663 2183 801 2230 Edit.
825 2189 1005 2231 nostrae
1029 2199 1076 2245 p.
1102 2187 1179 2230 26.
1249 2181 1381 2229 Tum
1404 2182 1470 2229 ad

158 2288 345 2336 editam
377 2284 519 2332 Orat.
550 2284 602 2330 in
626 2281 934 2346 Pisonsscap.
959 2296 1050 2328 xv.
1087 2279 1299 2328 dicitur:
1340 2287 1368 2306 ‘⁶
1406 2279 1469 2328 Ρ.

159 2394 188 2414 “
227 2384 397 2435 Clodii
416 2383 554 2446 App.
582 2379 846 2437 Claudius,
884 2380 1014 2428 sicut
1035 2379 1134 2426 iam
1166 2395 1298 2442 saepe
1325 2379 1470 2442 signi-

161 2494 189 2514 “
224 2485 500 2540 ficavimus‚
537 2481 628 2529 fuit
664 2479 882 2528 Frater.”
953 2479 1036 2527 Fit
1067 2485 1234 2526 autem
1266 2479 1372 2527 eius
1396 2478 1470 2527 rei

158 2586 343 2634 mentio
365 2584 511 2632 etiam
536 2582 673 2647 apud
694 2580 1027 2629 Scholiastem
1050 2595 1173 2627 ame
1195 2595 1352 2644 nuper
1369 2579 1470 2627 edi-

159 2692 269 2733 tum
301 2686 368 2733 ad
403 2684 545 2733 Orat.
561 2701 659 2748 pro
682 2682 870 2731 Scauro
893 2698 940 2745 p.
978 2687 1024 2730 8.
1049 2697 1162 2745 quae
1197 2679 1318 2728 mihi
1347 2680 1466 2728 item

159 2784 530 2834 Adnotationes
554 2783 857 2834 Asconianae
881 2786 1016 2846 putae
1039 2779 1354 2829 videbantur.
