1918 3254
414 269 505 318 106
883 269 984 303 Pno
1009 270 1244 309 PLANCIQ

410 366 601 413 “iubet
643 364 851 412 reddere
887 363 1162 422 Hesiodus,
1198 366 1433 428 quidnam
1469 367 1713 416 beneficio

409 446 719 511 “provocati
761 447 924 495 facere
973 448 1216 496 debemus
1231 447 1275 494 ?’'
1354 449 1572 498 Accedit
1615 450 1712 497 hoc

408 531 570 585 etiam,
592 530 731 592 quod
749 547 906 592 genus
925 531 1127 578 maximi
1153 529 1369 586 criminis
1384 539 1505 595 aput
1529 531 1712 580 Persas

407 611 560 659 fuisse
591 612 812 669 traditur,
850 613 976 676 siqui
1009 613 1256 661 extitisset
1277 613 1516 676 ingratus,
1547 615 1714 664 memi-

405 694 577 757 nitque
614 695 683 742 rei
720 695 1007 758 Xenophon
1045 701 1252 748 ΚΥΡΟΥ
1290 702 1606 745 ΠΑΙΔΕΙΑΣΘ
1635 697 1739 744 Li-⁴

403 777 494 825 bro
533 776 716 841 primof
736 779 1014 826 secundum
1046 779 1151 826 haec
1187 779 1336 826 verba
1366 779 1713 835 conscribens:

407 865 741 917 ΔΙΚΑΖΟΥΣΙ
766 867 849 918 ΔΕ
874 867 979 908 ΚΑΙ
1005 867 1440 919 ΕΓΚΛΗΜΑΤΟΣ,
1466 868 1548 910 ΟΥ
1573 866 1715 915 ΕΝΕ-

406 931 489 982 ΚΑ
532 932 849 975 ΑΝΘΡΩΠΟΙ
896 933 1153 986 ΜΙΣΟΥΣΙ
1200 934 1336 975 ΜΕΝ
1382 932 1716 982 ΑΛΛΗΛΟΥΣ

405 997 694 1049 ΜΑΛΙΣΤΑ,
722 998 1102 1041 ΔΙΚΑΖΟΝΤΑΙ
1128 999 1210 1042 ΔΕ
1234 999 1479 1050 ΗΚΙΣΤΑ,
1505 999 1716 1041 ΑΧΑΡΙ-

404 1063 594 1107 ΣΤΙΑΣ’
655 1064 759 1106 ΚΑΙ
807 1065 891 1106 ΟΝ
938 1065 1021 1105 AN
1078 1065 1257 1107 ΓΝΩΣΙ
1311 1064 1714 1107 ΔΥΝΑΜΕΝΟΝ

405 1128 541 1171 ΜΕΝ
567 1130 762 1172 XAPIN
787 1130 1200 1183 ΑΠΟΔΙΔΟΝΑΙ,
1236 1131 1335 1172 ΜΗ
1360 1130 1716 1173 ΑΠΟΔΙΔΟΝ-

404 1191 487 1237 TA
520 1195 618 1247 ΔΕ,
660 1192 1013 1238 ΚΟΛΑΖΟΥΣΙ
1060 1194 1171 1239 ΚΑΙ
1217 1196 1465 1238 ΤΟΥΤΟΝ
1508 1195 1716 1237 ΙΣΧΥΡ-

403 1262 489 1303 ΩΣ·
529 1259 790 1305 ΟΙΟΝΤΑΙ
825 1259 944 1304 ΓΑΡ
965 1262 1125 1303 ΤΟΥΣ
1148 1258 1564 1311 ΑΧΑΡΙΣΤΟΥΣ,
1603 1257 1715 1302 ΚΑΙ

405 1327 549 1369 ΠΕΡΙ
579 1328 780 1369 ΘΕΟΥΣ
802 1324 891 1369 AN
918 1323 1209 1368 MAAIETA
1230 1323 1486 1369 ΑΜΕΛΩΣ
1517 1322 1714 1369 ΕΧΕῘΝ

406 1389 521 1435 ΚΑΙ
570 1389 718 1434 ΠΕΡΙ
773 1388 1035 1443 ΓΟΝΕΑΣ,
1092 1388 1205 1434 ΚΑΙ
1241 1389 1546 1443 ΠΑΤΡΙΔΑ,
1598 1387 1714 1435 ΚΑΙ

404 1459 631 1503 ΦΙΛΟΥΣ
636 1490 789 1501 .....
815 1458 986 1514 gatuln
1029 1452 1148 1499 velit
1185 1469 1348 1505 emere
1400 1453 1714 1510 beneficium,

404 1536 541 1599 quod
565 1551 663 1583 non
685 1535 937 1598 acceperit
959 1537 1259 1584 confitendo.

469 1617 555 1666 AT
582 1635 638 1666 ID
664 1634 835 1666 ETIAM
854 1633 1114 1665 GREGARII
1137 1633 1359 1666 MILITES
1386 1635 1618 1668 FACIUNT
1637 1636 1715 1668 IN-

224 1686 338 1767 ξάζζ
406 1718 538 1759 VITI,
587 1718 655 1749 UT
697 1715 948 1749 coRoNAM
987 1717 1130 1748 DENT
1163 1716 1406 1758 CIVICAM,
1451 1718 1516 1749 ET
1554 1718 1610 1750 SE
1648 1719 1713 1750 AB

404 1799 600 1834 ALIQUo
627 1798 890 1831 SERvATos
918 1799 1040 1830 ESSE
1068 1799 1402 1832 FATEANTUR.

325 1736 349 1764 :A

469 1866 821 1914 Inductionem
851 1866 1194 1914 sollertissime·
1230 1867 1349 1913 facit
1376 1884 1439 1913 ex
1462 1867 1521 1914 iis
1551 1867 1719 1916 1niliti2

402 1952 500 1998 bus
535 1949 621 2012 qui
656 1948 867 2011 protecti
900 1966 930 1996 a
967 1948 1391 1996 commilitonibus
1428 1949 1528 1996 suis
1563 1951 1717 1998 veluti

402 2031 740 2081 testimonium
780 2031 948 2094 gratiae
989 2032 1216 2088 referant,
1262 2031 1439 2079 iisdem
1482 2049 1716 2081 coronam

404 2114 610 2162 civicam
666 2114 851 2171 dando,
910 2130 1058 2176 quam
1115 2114 1329 2162 traditur
1383 2116 1448 2162 de
1497 2117 1719 2179 gramine

404 2196 508 2244 fieri
533 2196 770 2244 solitam.g
839 2196 908 2243 Et
941 2197 1064 2246 mire
1099 2198 1399 2255 extenuavit,
1437 2200 1717 2262 gregarium

448 2434 463 2450 Θ
486 2431 579 2464 Tam
595 2430 791 2474 liaecquam
822 2430 1006 2473 sequentia
1025 2431 1132 2464 verba
1155 2442 1273 2474 graeca
1297 2433 1426 2467 absunt
1447 2445 1465 2467 a
1492 2435 1638 2475 Codice,
1666 2448 1718 2470 rc-

403 2478 486 2511 licto
502 2477 615 2521 spatio
632 2487 756 2509 vacuo.
806 2476 888 2509 1100
906 2476 991 2509 mihi
1008 2481 1115 2519 auget
1131 2479 1377 2521 suspicionem,
1395 2480 1571 2514 librarium
1589 2493 1719 2523 gravae

402 2524 533 2565 linguae
551 2524 712 2566 ignarum
727 2522 887 2555 omisisse
904 2523 1011 2555 verba
1027 2535 1144 2565 gra’ea
1162 2525 1414 2559 Commentarii
1431 2526 1487 2559 hic
1504 2531 1536 2560 ct
1555 2524 1649 2568 alibi,
1665 2540 1718 2562 re-

403 2569 494 2602 lictis
511 2569 644 2613 spatiis,
660 2572 701 2602 ut
713 2569 762 2602 ibi
776 2569 1010 2603 scriberentur
1023 2569 1150 2603 deinde
1167 2583 1187 2603 a
1203 2582 1320 2614 grzece
1336 2573 1459 2616 perito.
1486 2572 1580 2607 vido
1596 2577 1717 2609 tamen

404 2615 547 2648 inferius
566 2616 610 2648 N.
627 2618 682 2649 87.

451 2659 462 2679 s
484 2662 569 2705 Cap.
587 2671 623 2695 ιι.
649 2665 681 2695 7.

451 2711 467 2733 δ’
492 2706 640 2740 Cim-icam
656 2707 822 2742 Coronam
838 2708 924 2740 dicit
938 2710 1056 2741 noster
1069 2708 1247 2753 Intcrprcs
1264 2709 1368 2744 fuisse
1386 2721 1405 2744 e
1420 2712 1590 2753 gramine.
1630 2713 1719 2747 Grae

405 2753 522 2786 minea
538 2753 604 2786 fuit
626 2754 769 2796 quidem
785 2753 1007 2795 obsidionalis,
1022 2755 1085 2788 scd
1107 2756 1152 2788 de
1168 2754 1270 2788 civica
1288 2757 1408 2790 scribit
1425 2758 1559 2791 Plinius
1583 2769 1660 2792 xw.
1682 2763 1715 2794 5.

406 2800 427 2816 “
444 2799 566 2832 Civica
576 2798 685 2842 iligna
699 2800 811 2843 primo
824 2800 900 2841 suit,
917 2804 1041 2843 postca
1053 2802 1164 2844 magis
1176 2802 1307 2844 placuit
1321 2814 1366 2836 ex
1383 2805 1501 2837 esculo
1515 2805 1591 2838 Iovi
1608 2817 1716 2840 sacra.

406 2846 428 2863 “
445 2845 703 2890 Variatunlquo
730 2848 765 2880 et
788 2857 868 2880 cuin
892 2857 1023 2890 quercu
1046 2850 1110 2891 est,
1135 2859 1176 2881 ac
1203 2848 1286 2881 duta
1313 2849 1456 2895 ubique,
1483 2862 1563 2896 quae
1594 2852 1719 2895 suerat,
