1971 3263
668 312 1035 348 DISSERTATIO.
1466 314 1499 346 V

191 416 528 482 cognitionem
572 433 673 466 non
717 419 970 481 effugeret.
1041 415 1112 464 Et
1148 416 1276 464 votis
1319 416 1499 464 iterum

190 516 421 566 Fortuna
450 517 722 580 respondit.
793 517 927 565 Nam
961 516 1255 580 magnificus
1295 515 1500 579 quidam

189 615 310 665 mihi
334 634 388 665 se
412 616 593 665 obtulit
628 616 820 674 Codex,
859 617 977 664 satis
1015 615 1219 679 grandis
1257 615 1502 662 membra„-

190 731 317 762 neus
353 695 402 763 et
441 715 824 772 vetustissimus,
861 716 913 762 in
949 731 1051 779 quo
1092 715 1248 763 latina
1287 714 1502 763 Concilii

193 812 621 863 Chalcedonensis
641 814 993 878 Interpretatio
1013 814 1332 863 continetur.a
1383 813 1505 861 Por-

191 929 248 961 ro
284 914 365 962 hic
403 914 575 962 itidem
606 914 760 961 Liber
782 931 810 962 e
834 915 1124 978 famigerato
1164 913 1355 977 prodiit
1394 911 1505 960 Mo-

189 1013 412 1061 nasterio
446 1013 687 1061 Bobiensi
724 1013 792 1062 D.
818 1013 1132 1070 Columbani,
1172 1027 1431 1076 quumque
1453 1010 1505 1058 in

187 1112 530 1162 Ambrosiana
545 1114 895 1170 collocaretur,
916 1114 1054 1160 visus
1071 1119 1147 1159 est
1161 1112 1229 1159 ita
1248 1111 1503 1174 antiquus,

190 1217 249 1260 ut
269 1213 502 1277 apposita
527 1213 591 1261 sit
613 1214 659 1261 ei
687 1212 964 1277 inscriptio,
1003 1212 1130 1259 leuno
1157 1205 1384 1259 Codicem
1413 1225 1507 1257 esse

183 1328 341 1376 prope
385 1321 673 1360 coaetaneum
711 1314 807 1377 ipsi
849 1310 1066 1360 Consilio
1114 1309 1505 1365 Chalcedonensz',

192 1411 336 1475 quod
358 1412 524 1460 medio
549 1413 738 1460 saeculo
757 1411 820 1459 V.
846 1419 1075 1459 coactum
1102 1417 1192 1458 est.
1265 1409 1376 1472 Ego
1402 1408 1510 1473 qui-

193 1511 312 1560 dem
330 1512 479 1560 facile
505 1513 793 1568 concedam,
831 1528 945 1559 eum
968 1509 1207 1558 Codicem
1244 1524 1343 1556 non
1367 1508 1432 1555 ad
1459 1523 1507 1554 v.

195 1613 286 1657 aut
308 1625 382 1658 vl.
409 1611 498 1657 sed
522 1611 587 1658 ad
612 1625 735 1658 vlu.
758 1611 859 1657 fere
883 1609 1127 1657 saeculnm
1161 1623 1271 1655 esse
1304 1607 1511 1654 referen-

194 1709 332 1757 dum.
405 1709 575 1772 Siquis
619 1716 784 1757 tamen
831 1707 1262 1756 Chalcedonensis
1315 1704 1509 1767 Synodi

190 1812 340 1856 actus
364 1808 430 1856 ad
448 1808 546 1857 hoc
565 1825 811 1857 annosum
831 1806 1093 1870 exemplar
1111 1810 1505 1867 recognosceret,

195 1905 238 1953 is
258 1906 387 1955 bene
409 1909 634 1971 profecto
677 1908 739 1955 de
772 1907 1043 1955 christiana
1069 1903 1332 1969 republica
1355 1917 1505 1949 mere-

194 2011 346 2054 retur.

262 2103 362 2152 ΙΙΙ.
398 2103 586 2152 Verum
603 2106 726 2152 nihil
745 2106 852 2153 haec
877 2106 1123 2169 pertinent
1145 2106 1211 2153 ad
1230 2105 1296 2161 id,
1324 2106 1387 2152 de
1400 2120 1502 2167 quo
1520 2152 1540 2185 ι,

193 2203 346 2251 verba
378 2204 559 2251 facturi
591 2221 777 2252 smnus.
848 2205 960 2268 Ego
992 2205 1119 2251 enim
1145 2220 1304 2268 quum
1326 2204 1503 2251 oculos

193 2305 260 2352 de
281 2309 385 2351 tam
408 2303 675 2351 venerabili
715 2303 905 2351 Codice
928 2320 1176 2366 nusquam
1222 2303 1500 2361 deiicerem,

245 2524 260 2541 ⁸
283 2519 355 2553 Del
373 2520 468 2553 atina
485 2520 785 2553 Chalcedonensis
802 2519 933 2563 Synodi
951 2519 1246 2561 Interpretafione
1264 2519 1506 2562 antiquiss-ima

200 2567 284 2600 satis
301 2566 436 2599 erudite
462 2573 497 2599 ct
523 2568 658 2610 prolixe
685 2567 885 2610 Stephanus
907 2566 1075 2599 Baluzius
1103 2567 1174 2607 agit
1203 2566 1254 2607 (iu
1271 2565 1362 2598 Totn
1381 2575 1445 2606 vu,
1470 2577 1503 2609 p.

193 2615 276 2646 654.
300 2623 351 2655 sq.
369 2613 515 2646 Collect.
543 2613 733 2647 Concilior.
766 2618 912 2645 curante
940 2612 1121 2653 Mam-sios:
1149 2622 1299 2655 eamque
1317 2622 1335 2643 a
1354 2611 1505 2645 Rustico

199 2658 282 2690 olim
307 2658 481 2695 Romano,
505 2662 581 2692 tum
599 2671 620 2692 a
648 2660 902 2692 recentioribus
932 2659 1126 2701 praesertim
1161 2658 1380 2690 fidium-ibus
1398 2658 1505 2701 paulo

196 2703 341 2738 liberius
365 2706 603 2746 emendatam,
639 2706 733 2739 idem
759 2716 824 2748 ope
859 2705 1043 2738 cuiusdam
1087 2703 1232 2737 Codicis
1264 2703 1430 2737 l’axisiaci
1459 2703 1507 2739 ad

197 2749 380 2793 pristinam
396 2751 656 2794 simplicitatem
674 2763 838 2785 revocarc
858 2756 1006 2784 conatur
1025 2751 1075 2783 (in
1094 2750 1220 2783 codem
1237 2751 1351 2783 Tomo
1369 2761 1402 2792 p.
1425 2753 1505 2783 663.

198 2806 277 2838 cap.
294 2797 416 2839 xxix.)
463 2797 544 2837 Qua
560 2798 702 2841 quidem
725 2798 761 2831 in
786 2809 822 2831 re
851 2798 1084 2831 discernenda
1109 2797 1338 2832 Ambrosiam
1363 2796 1506 2830 Codicis

200 2842 388 2876 auctoritas
401 2844 512 2878 multo
527 2844 730 2888 gravissima
745 2844 908 2878 habenda
926 2849 989 2877 cst.

1566 2104 1634 2138 Est
1664 2102 1726 2150 p'a-

1534 2157 1720 2197 xmpsoetus
