1971 3263
495 275 555 321 16
922 272 976 308 IN
1013 273 1065 306 .P.
1098 271 1338 306 cLoan

560 375 886 422 CONFmMAT
921 385 979 418 sn
1003 384 1250 417 commus
1273 382 1668 417 CONSULARIBUS
1694 364 1799 415 Ro-

496 473 578 504 MAE
606 468 876 503 Furor-[M.

558 537 787 586 Aculeus
810 541 886 583 est
902 535 1197 600 asperitatis.
1235 532 1369 582 Nam
1383 533 1637 598 plerisque
1661 533 1710 581 in
1731 532 1808 582 lo-

493 622 564 669 cis
601 621 652 667 in
684 634 943 683 perversas
984 619 1048 666 ab
1081 618 1258 665 eodem
1297 615 1478 664 Clodio
1509 616 1800 664 criminatus

492 710 568 751 est
592 701 833 767 pecunias
853 701 1253 749 candidatorum.

558 785 751 833 TANTo
793 800 947 833 Purus
987 800 1059 832 AD
1095 798 1355 833 AERARHJM
1396 797 1579 839 νΕΝῙΤ,
1616 797 1685 829 UT
1722 797 1802 830 1131

495 885 564 917 NE
604 883 839 916 SCRIBAM
877 884 1087 918 QUIDEM
1125 881 1493 917 OFFENDERET.

559 952 704 1017 Aput
739 951 960 1000 aerarium
997 950 1161 999 sortiri
1185 948 1466 1013 provincias
1507 954 1557 996 et
1596 953 1809 1012 quaesto-

493 1053 572 1084 res
629 1035 888 1084 solebant³
922 1040 970 1081 et
1012 1032 1199 1088 scribae,
1259 1038 1317 1079 ut
1349 1047 1442 1094 pro
1477 1037 1616 1079 certo
1659 1046 1809 1094 appa—

492 1125 624 1166 reret
674 1118 726 1165 in
792 1133 945 1180 quam
1007 1113 1332 1179 provinciam,
1399 1113 1476 1161 vel
1527 1130 1642 1161 cum
1709 1128 1809 1176 quo

493 1201 708 1265 praeside
741 1199 1192 1263 proficiscerentur.
1260 1196 1514 1244 Ardorem
1554 1194 1808 1256 quendam

493 1284 656 1332 nimiae
680 1281 973 1347 cupiditatis
1006 1279 1176 1328 volens
1216 1277 1508 1341 exprimere,
1547 1275 1810 1325 festinasse

495 1368 560 1414 ad
607 1366 836 1414 aerarium
881 1362 1021 1420 dixit,
1076 1367 1133 1408 ut
1186 1359 1338 1407 etiam
1378 1358 1654 1407 scribarum
1689 1375 1810 1423 prae-

493 1449 680 1497 veniret
703 1448 987 1496 adventum.

562 1533 669 1587 Qm
708 1547 886 1580 OMNIA
925 1544 1229 1579 SAcRn-rclA
1266 1543 1481 1577 NOSSET.

561 1615 635 1663 Ut
670 1615 917 1663 incestum
956 1613 1269 1676 significaret,
1323 1608 1573 1659 mediamb
1607 1625 1812 1673 suspen-

497 1699 571 1746 dit
606 1698 954 1753 elocutionem,
990 1712 1090 1744 non
1126 1702 1184 1743 ut
1223 1693 1510 1757 religionem
1538 1692 1810 1757 praetende-

494 1789 583 1838 ret,
622 1781 713 1829 sed
743 1786 796 1828 ut
819 1779 1021 1828 crimen.

566 1864 688 1912 CUM
717 1879 773 1911 sn
809 1878 881 1910 AD
919 1877 1135 1909 PLEBEM
1175 1876 1443 1909 TRANSIRE
1470 1876 1643 1907 VELLF.
1664 1873 1811 1907 men-

499 1963 613 2004 ΒΗΤ,
652 1963 749 1994 SED
769 1962 967 1994 Misi-:RE
988 1960 1206 1993 FRETUM
1229 1959 1495 1991 TRANSIRE
1522 1957 1780 1991 CUPERET.

578 2029 827 2084 Quoniam
876 2027 1099 2093 patriciis
1144 2045 1246 2076 non
1290 2027 1473 2075 licebat
1512 2026 1814 2074 tribunatum

499 2113 739 2177 accipere,
777 2112 968 2160 idcirco
1007 2129 1060 2159 se
1097 2110 1307 2159 Clodius
1347 2108 1726 2157 denuntiaverat
1762 2107 1814 2155 in

499 2195 748 2261 plebeiam
805 2193 1044 2242 familiam
1106 2193 1445 2250 transiturum,
1496 2198 1551 2239 ut
1604 2192 1814 2254 adeptus

549 2425 562 2440 ²
587 2421 646 2454 Ob
662 2420 754 2454 hanc
776 2419 994 2453 locutionem
1016 2417 1163 2452 solebant
1178 2427 1265 2450 cave
1287 2419 1402 2460 putes,
1431 2414 1564 2448 idcirco
1579 2417 1740 2447 nostrum
1755 2412 1816 2446 In-

502 2470 692 2511 terpretcm
710 2467 834 2500 abesse.
860 2467 1013 2499 multum
1041 2475 1063 2497 a
1085 2463 1303 2507 temporibus
1325 2461 1515 2499 Ciceronis,
1546 2460 1629 2505 quia
1653 2460 1818 2493 videatur

504 2513 549 2546 de
564 2515 687 2546 usibus
701 2513 782 2556 ejus
795 2512 910 2546 zelatis
923 2516 1106 2554 tamquam
1121 2511 1181 2543 diu
1199 2508 1387 2553 praeteritis
1407 2511 1469 2540 aut
1493 2508 1601 2541 etiam
1624 2505 1817 2550 antiquatis

505 2560 599 2603 loqui
627 2561 768 2603 Quippe
787 2559 837 2592 ila
851 2558 949 2603 loqui
966 2558 1073 2591 moris
1098 2560 1152 2590 est
1168 2555 1324 2590 Asconio
1342 2555 1378 2587 in
1394 2554 1437 2587 iis
1453 2553 1740 2593 Commentariis,
1756 2551 1816 2596 qui

505 2606 571 2638 sub
588 2607 663 2639 eius
680 2610 776 2640 certo
790 2605 934 2639 nomine
957 2603 1264 2638 circumferuntur.
1298 2601 1393 2634 Vide
1409 2600 1455 2633 sis
1472 2611 1529 2634 ex.
1547 2611 1598 2644 gr.
1614 2611 1673 2645 pp.
1689 2602 1746 2635 34.
1760 2601 1817 2633 37.

504 2655 561 2686 47.
586 2655 642 2687 413.
667 2656 723 2687 53.
739 2656 796 2686 64.
816 2655 872 2687 65».
887 2655 945 2686 69.
967 2655 1023 2685 70.
1038 2653 1093 2685 77.
1111 2653 1166 2684 83.
1184 2651 1239 2683 91.
1253 2651 1321 2682 ele.

552 2697 566 2717 '¹
591 2698 679 2731 cod.
693 2703 856 2743 corrupte
875 2697 1069 2745 signficare
1095 2695 1218 2730 *medies
1239 2693 1409 2740 smpendit
1435 2691 1660 2727 elocutionem.
1708 2692 1818 2725 Porro

507 2745 550 2777 ad
572 2744 638 2777 loci
657 2745 938 2788 intelligentiam.
956 2744 1077 2777 confer
1093 2742 1242 2776 similem
1258 2741 1298 2774 in
1322 2740 1389 2774 hac
1412 2739 1512 2773 Orat.
1529 2740 1686 2780 interim,
1701 2749 1736 2782 p.
1759 2739 1818 2771 24.

506 2791 667 2824 Notenms
681 2791 855 2824 verborum
872 2791 1061 2824 medietates
1076 2787 1322 2835 elegantissime
1344 2786 1386 2820 ab
1401 2785 1547 2820 Oratore
1562 2785 1728 2831 suspendi.
1769 2784 1819 2818 Et

507 2838 675 2873 eumdem
692 2840 851 2871 nostrum
865 2837 1099 2882 Interpretem
1117 2835 1162 2869 ad
1180 2834 1278 2871 Orat.
1295 2843 1358 2879 pro
1371 2833 1517 2869 Plancio
1534 2833 1567 2868 N
1572 2841 1603 2869 ο.
1619 2835 1676 2867 26.
