1918 3254
627 324 729 359 PRO
754 322 990 358 PLANCIO.
1375 324 1394 364 l
1408 323 1464 365 15

157 442 269 488 gem
295 424 644 482 Ptolemaeum,
671 423 894 488 acceptis
926 423 1099 470 decem
1137 421 1362 469 millibus
1397 429 1467 469 ta-

155 508 361 565 lentum,
378 524 469 573 per
483 508 580 556 vim
606 508 870 555 militarem
885 505 1138 553 exercitus
1160 504 1351 553 romani
1369 521 1466 552 res-

152 589 368 638 tituisset
403 590 452 638 in
490 607 696 654 regnum
734 605 899 637 suurn.
992 587 1062 636 Et
1097 588 1247 636 simul
1286 587 1337 635 in
1367 587 1464 635 hoc

152 671 474 736 epicireinate
490 672 503 696 f
529 673 735 721 adhibet
761 673 976 720 eundem
1002 672 1220 719 colorem
1246 671 1346 718 iam
1370 670 1465 718 sibi

149 754 201 802 in
218 756 392 804 multis
412 756 734 805 oracionibus
758 757 1148 818 frequentatum,
1175 753 1364 802 idcirco
1385 754 1466 801 de-

151 838 331 886 cedere
364 840 489 887 urbe
519 839 772 896 maluisse,
812 838 1006 902 nequid
1039 837 1290 885 seditiosae
1323 835 1464 883 dimi-

149 920 358 968 cationis
384 936 499 969 cum
524 922 797 969 multorum
821 921 974 969 exitio
999 927 1298 969 moveretur.

214 1003 378 1056 QUEM
418 1018 630 1051 QUIDEM
675 1019 948 1051 SALTATOR
999 1018 1125 1050 ILLE
1176 1001 1459 1050 CATILINAE

149 1082 369 1132 Coxsm,
388 1099 838 1132 PRoscmBTloNIs
857 1099 1317 1132 DENUNTIATIONE
1334 1101 1462 1133 'ri-:R-

149 1181 341 1215 REBAT.

213 1256 395 1300 IAIchCg
412 1268 505 1316 pro
530 1252 776 1300 stomachi
792 1253 871 1300 sui
888 1252 1163 1301 acerbitate
1188 1251 1461 1300 Gabinium

144 1340 334 1388 lacerat
358 1335 506 1402 quasi
529 1337 731 1384 famosae
764 1337 1104 1401 inpudicitiae:
1144 1355 1295 1402 quem
1323 1338 1463 1386 mini-

144 1420 743 1485 tatumproscribtionem
760 1420 983 1484 equestri
998 1420 1161 1469 ordini
1176 1439 1235 1469 ea
1255 1428 1463 1485 propter

147 1505 285 1562 dicit,
312 1504 452 1568 quod
475 1502 612 1550 illius
636 1501 844 1558 edicto&
865 1502 1043 1550 fuisset
1073 1502 1284 1551 Laelius³
1307 1521 1460 1567 eques

145 1587 244 1644 .R.‚
269 1587 351 1635 cui
372 1584 630 1634 familiaris
663 1584 881 1633 amicitia
914 1601 1028 1632 cum
1056 1583 1147 1632 .M.
1164 1584 1337 1634 Tullio
1362 1588 1465 1634 fue-

142 1676 235 1727 rat,
273 1669 539 1732 relegatus.

208 1752 548 1800 IUSTISSIMOS
575 1767 799 1800 OMNIUM
826 1751 1216 1801 METELLoRUM
1250 1770 1316 1802 ET
1341 1770 1458 1802 CLA-

189 1940 200 1963 f
222 1942 280 1977 Ita
296 1944 370 1976 sine
387 1943 624 1987 adspiratione
637 1954 700 1989 pro
718 1944 962 1990 epichiremate.
1002 1944 1137 1980 Recole
1154 1946 1316 1992 superius
1331 1958 1364 1992 p.
1381 1949 1458 1982 112.

141 1992 317 2070 110ΞᾶἘίξί
334 2036 379 2070 ad
396 2036 485 2070 Orat
500 2036 537 2070 in
550 2033 644 2070 clod.
658 2041 690 2069 et
713 2036 793 2070 Gur.
818 2014 852 2081 p.
869 2045 905 2070 n.
924 2040 953 2070 l.
972 2038 1178 2082 scriptorem
1192 2039 1297 2073 huius
1314 2040 1457 2073 Codicis

142 2082 305 2116 omittere
321 2093 438 2126 graeca
447 2083 571 2117 verba:
597 2082 706 2126 idque
729 2086 830 2127 patet
844 2084 1044 2117 evidentius
1068 2085 1105 2118 in
1123 2086 1190 2119 hac
1212 2086 1289 2129 ipsa
1307 2086 1406 2119 Orat.
1421 2099 1455 2131 p.

144 2131 222 2162 106.
245 2129 309 2162 ubi
333 2133 429 2162 totus
446 2132 566 2163 textus
583 2129 837 2172 Xenophontis
864 2130 1213 2173 praetermittebatur,
1238 2132 1361 2165 relicto
1378 2143 1457 2176 spa-

141 2184 202 2217 tio.
251 2183 335 2217 Hoc
349 2186 469 2218 tamen
483 2185 562 2218 loco
579 2184 663 2218 mihi
685 2185 791 2228 piane
807 2185 931 2219 videor
953 2185 1069 2229 legere
1082 2178 1190 2224 ιὲιως,
1213 2187 1310 2231 quod
1334 2187 1458 2222 adver.

141 2230 242 2263 bium
266 2229 324 2263 hic
342 2231 386 2264 ad
401 2242 476 2264 rem
493 2232 587 2265 facit.

189 2275 203 2296 ¹³
219 2276 307 2310 Cod.
317 2276 416 2310 dicto.
430 2277 502 2311 Sed
513 2277 651 2311 correxi
668 2276 784 2317 edicto,
796 2288 907 2321 quum
922 2278 966 2311 ad
983 2278 1082 2312 Orat.
1097 2279 1133 2312 in
1145 2279 1309 2313 Pisonem
1318 2291 1353 2313 x.
1373 2280 1454 2314 scri-

141 2322 203 2356 bat
225 2324 422 2357 Asconius:
448 2328 469 2340 ‘⁸
483 2324 523 2357 L.
544 2324 706 2357 Lamiam
723 2335 744 2357 a
765 2324 919 2358 Gabinio
948 2327 1094 2359 consule
1116 2327 1233 2359 edicto
1258 2327 1456 2369 relegatum

141 2371 162 2386 “
188 2381 265 2403 esse
281 2369 352 2402 iam
369 2369 557 2403 diximus.”
605 2370 677 2403 Uni
700 2370 850 2404 observa
878 2381 1009 2404 novum
1027 2377 1278 2415 argumentum
1295 2383 1456 2416 compro-

139 2415 240 2456 bans,
258 2416 492 2459 Interpretem
507 2417 600 2450 hunc
614 2419 771 2449 nostrum
785 2427 905 2450 revera
919 2428 996 2450 esse
1010 2419 1217 2452 Asconium.
1249 2419 1342 2452 Nam
1358 2420 1454 2462 quod

141 2462 187 2495 ad
204 2462 303 2496 Orat.
327 2461 363 2495 in
391 2462 510 2496 Pisoni.
535 2465 706 2496 memorat
728 2473 765 2495 se
782 2463 853 2496 iam
881 2463 1024 2505 dixisse,
1049 2464 1115 2497 hoc
1140 2465 1305 2498 videlicet
1321 2465 1358 2498 in
1374 2467 1454 2499 loco

140 2518 236 2542 nunc
251 2508 353 2542 nobis
369 2510 531 2543 occurrit.

185 2554 194 2575 ἱ
217 2556 306 2589 Cod.
322 2555 506 2588 euidenter
527 2554 654 2589 Loelins
669 2565 739 2588 non
756 2555 798 2589 L.
816 2554 942 2589 AElius.
968 2556 1016 2590 Et
1033 2557 1177 2601 quidem
1195 2557 1320 2590 Cicero
1337 2567 1388 2592 xi.
1406 2559 1453 2592 ad

141 2600 251 2634 Attio.
275 2605 308 2636 7.
334 2611 466 2634 nomen
486 2602 592 2635 huius
609 2602 671 2634 viri
697 2602 815 2635 scribit
840 2602 998 2636 Loelium.
1054 2604 1105 2637 At
1136 2604 1171 2636 in
1195 2604 1314 2637 Pison.
1330 2614 1452 2639 xxvn.

141 2646 186 2680 L.
211 2647 353 2681 AE'linm.
381 2648 477 2681 Alibi
493 2659 587 2692 saepe
606 2649 765 2681 meminit
776 2648 880 2681 huius
898 2649 959 2682 viri
975 2652 1011 2682 et
1027 2649 1190 2682 facinoris
1205 2650 1342 2688 Cicero,
1353 2661 1453 2684 nem·

139 2703 186 2736 pe
196 2694 362 2738 postRed.
375 2694 411 2727 in
426 2694 503 2728 Scri.
520 2706 552 2728 v.
568 2699 676 2740 etpro
685 2694 801 2728 Sextio
813 2704 877 2728 xii.
890 2700 925 2728 et
937 2696 982 2728 ad
993 2695 1093 2729 Fam.
1111 2706 1161 2729 xi.
1178 2699 1230 2729 16.
1247 2699 1298 2730 17.
1313 2706 1376 2730 xii.
1392 2701 1450 2732 29.

144 2738 284 2779 Quibus
295 2741 332 2773 in
354 2741 437 2773 iocis
454 2742 510 2774 vel
527 2741 569 2775 L.
584 2741 752 2780 Lamiam,
776 2741 830 2774 vel
844 2741 1002 2775 Lamiam
1014 2742 1144 2775 scribit.
1174 2743 1352 2777 Asconius
1364 2744 1450 2778 ilem

140 2785 220 2818 loco
235 2786 425 2820 laudatoin
438 2792 523 2820 nota
538 2788 717 2832 superiore
735 2791 920 2832 nuncupat
942 2789 983 2822 L.
1000 2788 1169 2822 Lamiam.
1197 2789 1375 2829 Quoniam
1386 2791 1452 2832 igi-

140 2834 198 2864 tur
213 2842 417 2875 praenomen
441 2833 542 2867 Lucii
559 2845 655 2878 saepe
672 2834 753 2866 huic
771 2834 844 2867 viro
865 2834 1041 2869 tribuitur.
1058 2839 1284 2879 nuncupetur
1298 2847 1382 2869 sane
1398 2838 1451 2869 in-

140 2880 238 2915 tegre
254 2878 295 2911 L.
325 2879 442 2912 AEiius
467 2880 604 2914 Lamia.
659 2880 707 2913 Et
733 2880 876 2924 quidem
898 2881 1012 2915 facilis
1032 2882 1097 2915 suit
1122 2882 1181 2915 illa
1209 2883 1384 2925 separatio
1407 2883 1449 2916 L.

141 2922 257 2958 AElius
274 2935 335 2969 pro
351 2925 485 2960 Lalius.
789 2937 799 2959 1
815 2930 838 2960 2

1535 1005 1632 1040 Edit.

1526 1052 1572 1087 N.
1587 1056 1642 1087 87.

1529 1757 1628 1793 Edit.

1522 1804 1569 1839 N.
1583 1808 1639 1840 89.
