1918 3254
586 315 685 350 PRO
711 315 786 349 MA
794 314 1010 349 RCEnLo.
1361 315 1451 358 133

151 413 379 462 ficiosum
403 428 455 460 se
480 412 754 475 quemlibet
773 412 989 467 credere,
1018 411 1057 458 si
1081 427 1181 459 non
1200 411 1453 459 desereret

150 495 417 555 Amicum3
454 494 681 559 improba
696 501 862 542 autem
880 511 989 541 esse
1010 511 1107 542 non
1135 494 1313 558 potuit.
1373 493 1454 542 Et

151 576 264 624 vide
287 594 389 640 qua
416 577 756 625 moderatione
787 577 1132 640 temperaverit
1157 578 1372 640 culpam,
1396 583 1456 624 ut

150 658 320 722 siquid
355 659 501 707 etiam
527 659 697 707 delicti
721 659 912 714 habuit,
950 675 1050 705 non
1074 658 1282 705 maliciae
1308 658 1456 705 fuerit

150 741 240 789 sed
265 742 458 790 erroris.
529 742 696 805 Ipsam
729 749 893 789 tamen
917 740 1205 796 stulticiam,
1233 757 1347 803 quae
1372 740 1456 788 eti-

150 823 273 870 amsi
292 836 428 872 certa
453 824 529 881 sit,
550 824 820 872 nonhabet
838 823 1054 887 culpam,
1082 822 1289 870 dubiam
1315 821 1456 885 ponit

147 904 400 968 iungendo
437 923 724 955 FORTASSE:
761 906 1110 971 purgationem
1145 921 1261 952 vero
1287 904 1457 952 certis-

149 986 353 1046 simam3
388 1004 503 1034 nam
524 989 731 1036 sortasse
753 989 850 1036 suit
882 989 1081 1046 stultus,
1109 995 1240 1036 certe
1260 1004 1360 1035 non
1383 987 1456 1034 in-

146 1068 352 1130 probus,

213 1150 377 1199 ARMA
401 1167 468 1198 AB
493 1167 637 1199 ALIIS
666 1166 871 1199 POSITA.
1511 1148 1628 1230 ἐξὲξ·

214 1232 358 1288 Quos
399 1232 578 1296 dignos
618 1234 808 1282 scilicet
849 1233 1020 1281 Caesar
1061 1251 1152 1281 sua
1190 1233 1457 1282 clementia

146 1315 398 1363 iudicavit.
470 1317 765 1380 Condepnat
800 1316 930 1363 enim
953 1317 1268 1380 propositum
1287 1334 1452 1374 suum,

149 1397 236 1460 qui
253 1398 510 1446 voluntate
535 1414 671 1446 arma
691 1399 911 1462 deponit.

212 1480 298 1527 ΑΒ
323 1496 468 1528 ALIIS
494 1497 718 1529 EREPTA.

211 1560 272 1608 In
288 1578 418 1625 quos
437 1562 633 1611 scilicet
653 1563 822 1611 Caesar
847 1563 1198 1612 animadvertit
1219 1580 1228 1610 :
1268 1563 1454 1626 quibus

144 1643 293 1690 etiam
327 1644 496 1691 fractis
528 1651 577 1692 et
613 1645 932 1692 comminutis
975 1646 1157 1708 opibus
1195 1646 1353 1693 inerat
1387 1653 1457 1693 ta-

146 1741 256 1773 men
279 1726 545 1790 pertinatia
568 1727 848 1775 resistendi.

538 1983 684 2031 PRO
723 1984 1052 2032 LIGARIO.

212 2107 298 2156 AT
334 2122 490 2154 ISTUD
522 2123 590 2155 NE
627 2123 769 2156 APUD
796 2123 907 2154 EUM
948 2123 1156 2156 QUIDEM
1203 2122 1677 2203 DIC'rATO-11)3‹lit3qv{2r.

1503 2181 1577 2204 ur.⁴
1603 2196 1609 2203 .
1642 2174 1676 2204 2.

149 2205 275 2238 REM.

214 2255 431 2318 Syllam³
448 2256 708 2320 significat,
734 2257 823 2320 qui
843 2262 992 2304 tantae
1014 2256 1326 2304 crudelitatis
1345 2257 1454 2315 fuit,-

146 2338 274 2386 utin
309 2339 553 2387 Marianae
589 2338 745 2403 partis
773 2339 926 2395 viros,
965 2346 1286 2386 accusatores
1323 2356 1457 2387 com-

144 2428 378 2478 moveret,
416 2422 481 2468 ad
517 2421 818 2469 delationem
849 2421 1043 2484 primus
1075 2420 1333 2468 invitaretb
1368 2422 1457 2485 qui

126 2560 136 2564 -
144 2511 418 2568 perpetuus
443 2504 661 2552 dictator
684 2520 785 2552 non
810 2504 908 2551 alio
943 2504 1108 2560 modo,
1133 2520 1283 2565 quam
1305 2504 1456 2552 hodie

147 2586 317 2634 Caesar
341 2593 429 2643 est,
453 2586 577 2635 fuit.c

1255 2692 1452 2703 0——2—

192 2750 207 2766 ²
232 2747 320 2781 Cod.
342 2746 476 2782 Sillam.

190 2791 206 2812 ὓ
230 2793 277 2826 V.
294 2794 500 2838 Appianum
513 2794 604 2828 Bell.
618 2794 683 2828 civ.
697 2794 776 2828 Lib.
795 2804 817 2827 1.
831 2805 865 2837 p.
882 2796 961 2828 681.

193 2844 206 2859 ⁶
232 2840 355 2873 Oratio
379 2851 442 2885 pro
459 2840 603 2884 Ligario
619 2840 740 2874 habita
755 2844 810 2874 est
823 2845 905 2884 post
919 2839 1053 2874 bellum
1071 2841 1221 2875 Caesaris
1236 2840 1455 2882 Africanum,

147 2895 217 2929 quo
232 2888 390 2931 tempore
407 2886 527 2921 Caesar
542 2887 613 2923 iam
625 2887 765 2923 tertiam
781 2886 993 2922 dictaturam
1010 2887 1164 2930 gerebat.
