1918 3254
658 333 715 368 IN
745 330 1021 369 VATINIUM.
1406 329 1498 374 125

189 431 356 480 feriri.a
425 430 556 480 Cum
579 429 859 496 praesertim
882 434 1017 478 esset
1037 428 1111 479 illi
1126 427 1359 477 Vatinius
1381 429 1500 476 adfi-

189 515 344 563 nitate
385 515 694 563 coniunctus.
764 513 900 562 Nam
941 511 1093 560 filiam
1150 510 1242 560 .M.
1288 509 1499 559 Antonii

191 597 381 647 Fratris
404 599 511 647 eius
533 598 779 648 habuerat
796 596 848 645 in
868 594 1200 645 matrimonio.

254 681 385 731 ILLo
413 697 530 730 IPso
555 696 704 734 ΑΝΝΟ
728 695 959 730 Quousx
984 695 1122 727 LATA
1147 694 1241 726 EST
1257 694 1325 726 DE
1348 692 1501 725 Peco-

191 780 307 813 ers
333 779 693 813 REPETUNDIS.

256 847 644 912 Locupletatum
668 846 938 894 interversa
961 844 1178 909 pecunia
1203 843 1299 893 .P.b
1317 851 1365 893 et
1389 860 1501 908 spo-

188 930 319 978 liatis
362 930 514 978 etiam
551 927 832 993 publicanis
868 927 1127 975 Vatinium
1169 927 1304 985 dicit,
1341 933 1399 975 ut
1438 943 1502 974 ex

188 1019 488 1077 paupertate
511 1013 575 1059 ad
603 1027 819 1059 summas
856 1011 1054 1059 divitias
1074 1011 1366 1076 perveniret,
1402 1026 1503 1058 non

187 1096 294 1143 sine
325 1095 544 1158 quadam
582 1095 803 1141 cautione
838 1111 901 1141 ne
935 1093 1186 1142 Caesarem
1211 1092 1503 1158 ‹ffendereffi

190 1178 274 1225 cui
297 1176 674 1242 acceptissimus
699 1183 804 1224 erat
824 1175 858 1224 :d
892 1192 966 1234 eo,
991 1176 1172 1239 inquit,
1210 1192 1341 1222 anno
1380 1175 1504 1222 dita-

189 1268 272 1309 tus
296 1267 384 1317 est,
423 1276 526 1323 quo
549 1260 631 1307 lex
653 1260 716 1307 de
740 1259 965 1324 pecuniis
989 1257 1279 1322 repetundis
1303 1258 1405 1305 lata
1428 1266 1504 1305 est

190 1343 301 1408 ipso
325 1343 519 1391 scilicet
557 1342 769 1399 Caesare,
804 1349 861 1390 ut
897 1342 1128 1390 videatur
1167 1348 1218 1388 et
1249 1341 1331 1388 ille
1361 1340 1504 1405 inpu-

192 1427 370 1474 denter
393 1424 594 1473 Vatinio
617 1425 780 1473 favere
803 1431 977 1472 contra
995 1425 1131 1488 leges
1166 1422 1314 1471 etiam
1345 1422 1502 1470 Iulias

187 1508 538 1558 committenti.

258 1591 361 1640 Cm
386 1607 615 1640 TOTIENS
643 1605 963 1647 MALEDICAS‚
1001 1605 1267 1639 QUOTOENS
1294 1604 1359 1637 TE
1388 1602 1500 1636 1LL1

190 1689 438 1723 ADFINEM
464 1689 587 1721 ESSE
613 1689 773 1721 mels.

258 1756 476 1820 Propter
541 1755 911 1804 matrimonium
963 1754 1197 1802 videlicet
1252 1754 1501 1811 Antoniae,

191 1856 344 1904 quam
385 1839 623 1887 Vatinius
664 1838 838 1886 habuit
873 1854 1100 1886 uxorem.
1171 1836 1282 1884 Nee
1315 1837 1506 1899 ignora-

190 1939 305 1971 mus
331 1922 406 1970 .C.
433 1921 617 1970 Caesari
638 1921 791 1969 fuisse
815 1921 1069 1984 quandam
1103 1936 1219 1966 cum
1253 1918 1350 1966 illis
1386 1919 1507 1966 adfi-

190 2006 408 2053 nitatem.
469 2003 674 2068 Quippe
702 2003 792 2051 .M.
817 2001 1089 2059 Antonius,
1117 2002 1204 2065 qui
1228 2009 1405 2066 postea
1426 2002 1508 2049 tri-

237 2219 252 2234 ἕ·
269 2214 310 2247 C.
325 2214 504 2248 Antonius
520 2214 619 2246 velut
635 2213 851 2246 Catilinariae
867 2212 1011 2256 quidem
1029 2212 1280 2245 coniurationis
1308 2211 1425 2245 socius
1447 2221 1505 2245 ac-

191 2264 339 2295 cusatus
355 2265 420 2301 est,
437 2261 499 2293 sed
516 2260 707 2293 damnatus
724 2270 744 2292 a
761 2259 945 2293 Iudicibus
956 2260 1051 2303 quod
1065 2259 1261 2302 provincias
1275 2258 1506 2302 spoliavisset.

191 2307 238 2342 V.
257 2308 411 2340 Dionem
426 2307 469 2339 ad
487 2317 620 2339 annum
638 2306 682 2339 [Τ.
698 2306 738 2339 C.
755 2315 890 2340 rncxcv.
903 2305 998 2338 Vide
1014 2306 1119 2338 etiarn
1132 2305 1329 2338 Asc-onium
1343 2305 1387 2337 ad
1405 2304 1506 2338 Orat.

191 2354 228 2387 in
245 2353 343 2399 Toga
359 2354 500 2387 camlida
518 2364 550 2397 p.
566 2356 643 2386 145.
669 2355 705 2385 et
726 2356 801 2386 148.
826 2353 867 2388 C.
883 2352 1032 2385 Antonii
1045 2362 1189 2384 causam
1207 2352 1282 2384 sine
1300 2351 1413 2383 fructu
1434 2351 1507 2394 egit

193 2400 319 2434 Cicero
333 2404 455 2433 contra
473 2400 526 2433 M.
541 2399 695 2432 Coelium
715 2399 851 2432 Rufum
867 2398 927 2442 qni
955 2398 1011 2441 (ut
1035 2398 1083 2430 ait
1102 2398 1176 2441 ipse
1195 2398 1319 2430 Cicero
1345 2397 1382 2430 in
1406 2397 1506 2430 Orat.

187 2459 255 2493 pro
267 2447 339 2492 ipso
352 2445 457 2480 Ccclio
472 2447 595 2487 xxxi.)
619 2445 713 2478 hunc
743 2448 983 2485 accusaverat,
1016 2444 1118 2477 Dixit
1134 2445 1169 2477 in
1187 2444 1385 2477 Antonium
1399 2443 1507 2476 etiam

195 2494 241 2534 Q.
258 2493 456 2530 Maximus,
480 2498 521 2526 ut
549 2496 647 2535 patet
673 2502 718 2524 cx
736 2491 908 2524 Cicerone
930 2491 967 2523 in
994 2491 1060 2524 hac
1079 2491 1178 2524 Orat.
1197 2491 1241 2523 N.
1259 2493 1315 2524 28.
1331 2494 1365 2523 et
1383 2500 1430 2523 ex
1446 2489 1508 2523 In-

191 2543 346 2583 terprete
364 2544 483 2572 nostro
501 2550 534 2582 p.
552 2538 788 2582 praecedente.
820 2571 826 2575 ,

239 2585 254 2605 ¹³
272 2586 425 2630 Explica
436 2585 562 2631 populi,
586 2585 641 2617 rel
654 2583 798 2630 public-a.
823 2584 894 2617 Vel
910 2583 1029 2627 potius
1057 2582 1207 2616 transfer
1227 2583 1280 2616 .P.
1307 2584 1389 2615 ante
1406 2582 1509 2616 Vati-

193 2632 305 2674 nium,
330 2632 431 2666 cuins
447 2641 650 2675 piaerionien
675 2631 780 2664 fuisse
804 2629 966 2664 Publium
980 2633 1080 2673 patet
1093 2640 1139 2662 ex
1152 2640 1184 2662 v.
1202 2629 1245 2662 ad
1263 2629 1390 2662 Famil.
1406 2629 1508 2673 epist.

193 2689 230 2712 x.
247 2682 284 2711 et
295 2690 342 2712 ex
356 2678 474 2711 Dione
487 2687 651 2711 xxxviii.
668 2680 700 2711 6.

240 2729 254 2745 ⁰
270 2725 358 2758 Cod.
370 2736 435 2758 non
449 2725 520 2758 sine
534 2723 677 2769 quadam
691 2749 698 2757 .
719 2748 726 2757 .
744 2749 752 2757 .
768 2722 892 2756 relicto
910 2722 1036 2765 spatio,
1061 2734 1100 2755 ue
1115 2721 1283 2756 Coesarem
1299 2721 1367 2761 cui,
1381 2724 1448 2755 etc.

239 2769 254 2790 ‘¹
273 2771 553 2814 Acceptissimus
581 2770 713 2803 Caesari
738 2774 811 2803 crat
840 2768 1014 2809 Vatinius,
1039 2769 1122 2812 quia
1141 2768 1174 2801 ci
1191 2768 1327 2801 consuli
1344 2768 1508 2801 tribunus

193 2816 345 2850 favebat.
393 2818 557 2850 Studium
575 2817 710 2849 Vatinii
736 2817 772 2848 in
796 2815 976 2849 Caesarem
999 2820 1097 2859 patet
1115 2825 1158 2847 ox
1180 2814 1243 2847 hac
1262 2815 1445 2851 Oratinno,
1472 2818 1508 2846 et

193 2874 213 2895 e
231 2864 396 2897 Svetonio
414 2864 450 2897 in
470 2863 602 2897 casare
618 2863 705 2907 Cap.
727 2871 821 2896 xxm.
