1971 3263
841 344 906 376 XV

223 443 425 494 infamia
463 444 745 509 perfundit!
807 444 1136 493 Scaurianam
1175 460 1382 494 causam
1418 460 1531 494 con-

224 545 377 576 cursu
400 528 555 577 totius
587 528 802 577 civitatis
841 544 1057 577 romanae
1083 529 1340 576 defensam
1363 535 1531 576 narrat

221 610 422 659 Auctor
440 610 646 676 Dialogi
665 613 721 660 de
745 611 938 661 Caussis
957 619 1197 674 cormptoe
1219 612 1531 675 eloquentiae?

223 692 400 742 Oratio
414 711 511 758 pro
539 694 708 743 Tullio
733 698 862 742 cum‘
879 692 1145 758 perutilem
1179 693 1328 741 habet
1350 693 1531 742 doctri-

220 791 336 824 nam
359 776 482 824 iuris
506 776 710 833 romani,
747 783 854 824 tum
890 774 1118 824 oratoriae
1154 782 1308 840 atque
1337 775 1530 824 eviden-

220 858 425 907 tissimae
465 859 763 906 narrationis
809 857 1069 920 exemplar
1109 865 1198 906 est.
1291 857 1530 921 Denique

221 958 381 1005 quum
404 941 538 989 edita
561 940 738 990 Oratio
764 959 862 1005 pro
887 941 1068 988 Flacco
1090 940 1214 988 inter
1232 947 1528 1005 praestantes

219 1023 393 1072 merito
414 1023 672 1081 habeatur,
697 1040 798 1071 non
821 1040 1001 1086 parum
1026 1023 1222 1071 decoris
1247 1040 1338 1071 nos
1364 1024 1528 1071 eidem

219 1105 556 1169 adiungimus,
576 1106 663 1170 qui
678 1105 785 1154 eius
800 1105 991 1154 hiatum
1007 1105 1528 1154 incommodissimum

219 1189 462 1237 tollimus.

283 1273 462 1336 Atque
482 1288 575 1335 ego
599 1272 805 1336 quidem
840 1271 889 1319 in
907 1270 984 1318 his
1008 1270 1349 1318 exscribendis
1378 1270 1510 1334 Frag

220 1355 398 1403 mentis
422 1372 621 1418 gravem
645 1372 851 1419 prorsus
869 1355 1092 1402 laborem
1112 1354 1376 1410 exantlavi,
1404 1355 1527 1402 dum

221 1438 460 1486 evanidas
496 1438 686 1486 litteras
714 1446 763 1485 et
787 1437 1064 1501 posteriore
1097 1437 1350 1500 scriptura
1384 1438 1530 1485 obru-

219 1527 297 1568 tas
321 1521 465 1568 fessis
486 1520 647 1568 oculis
680 1527 1009 1578 consectarer,
1045 1521 1164 1567 dum
1195 1520 1448 1583 dispersas
1480 1528 1531 1569 et

217 1603 397 1651 mirum
434 1603 485 1650 in
521 1604 726 1651 modum
767 1603 1084 1667 perturbatas
1121 1610 1274 1665 atque
1306 1603 1528 1651 inversas

218 1685 445 1750 pagellas
492 1687 557 1733 ad
601 1686 783 1733 iustum
832 1685 1000 1732 locum
1053 1700 1350 1740 revocarem,
1406 1687 1529 1733 dum

218 1769 438 1833 denique
469 1785 569 1816 non
604 1784 798 1833 paucos
833 1767 996 1823 etiam,
1038 1766 1220 1830 quibus
1258 1765 1438 1815 Codex
1463 1768 1531 1815 la-

216 1851 376 1910 borat,
420 1868 612 1900 errores
658 1850 908 1916 probabili
948 1850 1238 1898 coniectura
1284 1866 1529 1899 sanarem.

222 1933 328 1992 Sed
372 1935 514 1982 nulla
559 1951 670 1982 esse
713 1933 879 1998 potuit
923 1932 1169 1997 asperitas
1215 1940 1366 1990 tanta,
1415 1951 1530 1997 quae

218 2033 379 2065 meam
406 2017 719 2079 extingueret
751 2015 976 2063 Tulliani
1012 2016 1235 2063 thesauri
1260 2017 1530 2080 detegendi

220 2100 567 2165 cupiditatem.
657 2098 818 2146 Immo
866 2099 1090 2146 laborem
1131 2114 1328 2146 omnem
1375 2106 1530 2163 atque

217 2182 504 2230 molestiam
548 2182 742 2229 fructus
779 2181 1104 2229 dulcissimus
1151 2182 1353 2230 abunde
1400 2199 1530 2231 com-

219 2272 413 2329 pensat.
481 2263 588 2312 Vos
627 2265 795 2320 modo,
832 2263 1037 2311 candidi
1071 2262 1325 2321 Lectores,
1359 2265 1530 2329 exigui

221 2347 317 2394 mei
356 2346 537 2410 ingenii
579 2354 817 2394 conatum
851 2346 973 2394 boni
1011 2347 1272 2403 consulite,
1304 2354 1353 2395 et
1386 2347 1529 2396 novis

219 2426 378 2476 Tullii
403 2429 563 2494 copiis
588 2430 654 2477 ad
679 2436 845 2477 vestra
869 2428 1038 2476 studia
1061 2428 1272 2477 feliciter
1294 2429 1509 2478 utimini.

737 2659 751 2675 ⁸
776 2654 863 2698 Cap.
881 2663 1013 2688 xxx1x.
