1971 3263
514 284 543 326 4
995 279 1095 314 PRo
1130 279 1342 315 SCAURO.

516 375 885 426 frumentarium
913 373 1134 431 crimen,a
1159 376 1221 422 de
1249 391 1354 438 quo
1378 371 1604 421 Triarius
1628 370 1787 420 omnis
1803 369 1821 394 b

518 460 707 507 Sardos
753 456 1103 519 interrogavit:
1162 457 1302 518 quod
1345 472 1501 518 genus
1547 471 1647 503 uno
1688 452 1822 502 testi-

515 540 666 589 monii
707 539 908 595 foedere,
955 544 1005 585 et
1046 553 1298 586 consensu
1339 538 1559 585 omnium
1596 543 1670 585 est
1708 552 1822 584 con-

517 627 783 671 firmatum.
816 620 975 675 Quod
994 636 1088 684 ego
1114 619 1300 668 crimen
1323 625 1592 683 antequam
1617 618 1821 681 attingo,

517 712 632 770 peto
669 721 698 752 a
730 703 887 761 vobis,
912 703 943 751 J
950 703 1138 761 udices,
1176 709 1234 751 ut
1264 720 1343 751 me
1363 701 1515 750 totius
1538 707 1718 749 nostrae
1743 701 1826 748 de-

516 786 754 835 fensionis
814 786 959 849 quasi
1015 787 1250 850 quaedam
1303 785 1464 833 iacere
1503 783 1828 830 fundamenta

516 867 803 933 patiamini:
858 885 973 932 quae
999 868 1041 917 si
1066 874 1211 917 erunt
1247 873 1304 915 ut
1337 883 1450 914 mea
1471 865 1600 914 ratio
1624 870 1672 913 et
1697 862 1829 927 cogi-

518 952 640 1000 tatio
665 952 772 1009 fert,
810 958 988 1016 postea
1022 957 1072 1000 et
1107 950 1434 999 constitutam
1461 948 1600 996 illam
1626 962 1830 995 accusa-

517 1034 666 1083 tionis
699 1039 893 1098 partem
916 1034 1279 1098 pertimescam.
1366 1031 1553 1080 Dicam
1577 1030 1707 1078 enim
1732 1028 1831 1094 pri-

519 1118 686 1165 mum*
723 1117 786 1164 de
815 1116 928 1180 ipso
963 1133 1142 1179 genere
1178 1114 1531 1171 accusationis,
1569 1118 1742 1177 postea
1765 1111 1830 1159 de

521 1199 711 1257 SardiS,
737 1205 845 1246 tum
865 1199 1014 1246 etiam
1048 1215 1214 1263 pauca
1248 1199 1312 1245 de
1347 1196 1567 1244 Scauro:
1617 1200 1723 1242 tum
1748 1194 1829 1240 de-

519 1283 675 1345 nique
695 1282 759 1329 ad
784 1282 880 1329 hoc
903 1280 1121 1328 terribile
1140 1286 1190 1328 et
1212 1278 1595 1328 formidulosum
1617 1277 1832 1324 frumen-

519 1364 702 1412 tarium
727 1364 915 1411 crimen
939 1363 1195 1410 accedam.

602 1445 756 1499 Quod
793 1451 871 1492 est
914 1443 1068 1507 igitur
1111 1443 1208 1491 hoc
1254 1442 1607 1499 accusationiS,
1644 1440 1828 1499 Triari,

521 1526 715 1590 genus?
751 1525 979 1574 Primum
1002 1532 1060 1573 ut
1080 1524 1378 1588 inquisitum
1407 1541 1509 1573 non
1537 1523 1682 1572 ierisc
1716 1539 1829 1586 quae

579 1700 605 1725 ³³
639 1699 695 1741 In
715 1699 901 1754 margine
919 1699 1139 1740 scribitur:
1173 1697 1417 1752 PropositiO.

571 1868 584 1883 ³
611 1863 708 1898 Hinc
726 1874 867 1908 prorsus
880 1865 1026 1908 apparet
1041 1864 1132 1897 hanc
1149 1864 1271 1898 Scauri
1284 1874 1429 1898 causam
1446 1864 1572 1908 partim
1587 1863 1713 1896 saltem
1726 1861 1835 1896 fuisse

523 1911 803 1952 frumentariam,
832 1911 928 1954 quod
952 1911 1112 1943 nondum
1142 1911 1309 1954 liquebat.
1358 1910 1453 1943 Nam
1482 1910 1660 1944 Asconius
1679 1909 1716 1943 in
1733 1919 1836 1952 argu-

524 1960 647 1990 mento
664 1956 760 1989 edito
776 1960 916 1990 tantum
933 1957 1037 1991 dicit:
1064 1959 1084 1974 ‘⁶
1103 1956 1161 1989 Ex
1177 1960 1332 2000 praetura
1347 1956 1500 1990 Scaurus
1516 1955 1739 1989 Provinciam
1755 1955 1835 1988 Sar-

525 2004 547 2020 “
573 2002 705 2036 (liniam
723 2003 887 2045 obtinuit,
911 2003 947 2036 in
967 2014 1038 2046 qua
1061 2013 1177 2046 neque
1202 2003 1286 2036 satis
1310 2003 1528 2036 abstinenter
1545 2012 1582 2035 se
1598 2001 1747 2045 gessisse
1771 2011 1835 2034 ex-

524 2048 701 2082 istimatus
726 2051 791 2089 cst,
815 2052 852 2081 et
875 2050 979 2083 valde
1003 2050 1238 2091 arroganter.''
1302 2049 1411 2082 Liber
1437 2049 1563 2081 tertius
1591 2047 1772 2081 Ciceronis
1795 2046 1833 2079 in

524 2094 677 2128 Verrem
696 2097 792 2127 totus
817 2097 872 2128 est
897 2096 940 2128 dc
965 2106 1002 2128 re
1025 2095 1256 2128 frumentaria
1280 2095 1317 2128 in
1342 2095 1472 2128 Sicilia.
1520 2095 1565 2127 In
1582 2094 1710 2138 quibus
1726 2092 1833 2136 igitur

526 2140 702 2184 capitibus
724 2141 864 2174 Tullius
889 2141 1038 2174 Verrem
1063 2143 1138 2174 toto
1163 2151 1205 2174 eo
1230 2142 1317 2174 libro
1340 2151 1404 2185 pro
1429 2141 1558 2174 Siculis
1583 2139 1774 2179 accusavit,
1796 2139 1834 2172 in

525 2186 652 2220 iisdem
668 2187 739 2220 scre
756 2187 821 2221 hac
839 2188 1009 2220 Oratione
1039 2188 1211 2221 Scaurum
1236 2191 1359 2221 contra
1375 2187 1503 2221 Sardos
1521 2186 1719 2220 defendisse
1734 2187 1834 2228 puto.

524 2233 576 2267 Et
590 2233 678 2265 benc
695 2234 800 2276 paulo
816 2234 903 2266 infra
920 2234 998 2267 haec
1015 2244 1121 2266 causa
1139 2233 1372 2267 Sar-dimensis
1388 2245 1409 2266 a
1424 2233 1593 2266 Cicerone
1610 2234 1835 2274 comparatur

524 2290 607 2312 cum
624 2279 754 2321 Sicula,
771 2280 946 2323 siquidem
959 2280 1055 2313 idem
1066 2280 1206 2313 Tullius
1218 2281 1255 2313 in
1267 2279 1436 2314 Oratione
1447 2278 1664 2322 Pompeiana
1675 2288 1751 2321 cap.
1766 2286 1834 2310 xri.

526 2325 724 2358 Sardiniam
737 2328 772 2358 ct
784 2326 937 2359 Siciliam
952 2326 1043 2359 inter
1055 2325 1283 2359 frumentaria
1295 2326 1451 2359 subsidia
1461 2325 1546 2368 reip.
1557 2327 1728 2357 numerat.
1754 2323 1834 2356 lam

524 2371 685 2415 praefecti
702 2372 752 2404 rei
768 2372 1005 2406 frumentariae
1022 2373 1243 2413 dicebantur,
1269 2372 1397 2416 quibus
1413 2381 1499 2404 cura
1515 2373 1589 2404 erat
1605 2369 1836 2413 conquirendi

524 2418 562 2450 in
580 2418 766 2461 provinciis
783 2418 948 2452 frumenti
965 2419 1060 2462 quod
1076 2419 1113 2452 in
1129 2419 1253 2452 horrea
1267 2418 1410 2462 publica
1424 2417 1698 2451 conveheretur:
1737 2415 1834 2459 quod

524 2474 656 2496 munus
673 2464 814 2506 quantis
839 2465 1044 2498 criminibus
1060 2469 1155 2499 esset
1170 2465 1376 2505 obnoxium,
1403 2463 1505 2498 facile
1526 2465 1636 2507 patet.
1683 2462 1740 2495 De
1765 2462 1836 2495 fru-

525 2512 647 2543 mento
663 2510 873 2552 decumano,
903 2514 1035 2555 empto,
1062 2515 1097 2545 et
1121 2511 1306 2553 aestimato,
1325 2510 1439 2554 deque
1457 2509 1637 2542 fraudibus
1653 2508 1689 2541 in
1705 2508 1758 2542 his
1773 2518 1836 2542 ex-

527 2558 698 2597 actorum,
716 2557 795 2590 vide
813 2558 859 2590 sis
875 2557 946 2590 iam
963 2558 1146 2591 laudatum
1166 2557 1313 2590 Librum
1332 2566 1383 2590 111.
1400 2557 1437 2589 in
1453 2556 1613 2589 Verrem.

549 2600 586 2680 db
612 2602 753 2636 Nomen
770 2604 1010 2647 Accusatoris,
1032 2604 1077 2638 de
1093 2614 1163 2649 quo
1181 2602 1358 2637 Asconius
1375 2603 1411 2636 in
1429 2603 1638 2645 argumento
1655 2600 1835 2635 Orationis

526 2656 546 2679 e
574 2647 633 2681 ito.
865 2658 869 2661 ’
902 2649 919 2654 ”
967 2645 976 2653 ”

572 2698 586 2713 ⁰
613 2694 854 2737 Reprehendit
868 2693 994 2727 Cicero
1008 2694 1184 2729 Triarium
1201 2698 1458 2736 accusatorem,
1475 2694 1536 2739 qui
1553 2693 1712 2728 damnari
1727 2693 1836 2726 Scan-

527 2749 603 2772 rum
622 2741 738 2779 venet,
755 2741 838 2774 licet
853 2741 890 2774 in
906 2741 1104 2774 Sardiniam
1119 2742 1163 2779 ad
1180 2742 1430 2786 inquirendum
1446 2752 1519 2774 non
1535 2740 1664 2775 ivisset.
1727 2738 1834 2780 Quod

526 2785 570 2819 de
587 2787 712 2821 codem
728 2787 864 2821 Triario
878 2790 996 2822 narrat
1012 2789 1119 2822 etiam
1138 2788 1315 2824 Asconius
1332 2789 1368 2822 in
1386 2790 1605 2832 argumento.
