1918 3254
448 258 512 302 53
934 255 1036 290 PRo
1060 254 1273 290 Ancum.

450 359 481 379 “
504 358 682 418 postea
713 368 773 399 eo
796 350 1006 399 licentiae
1027 357 1105 399 est
1133 367 1444 416 progressus,
1474 356 1530 401 ut
1559 349 1756 401 nullum

450 442 481 463 “
504 435 554 485 in
576 436 635 483 iis
661 435 867 482 modum
893 435 1183 483 servaret.”³

515 518 597 566 ET
634 517 927 566 OCTAVIos.
1221 570 1223 574 ,

512 600 661 649 Alter
696 609 766 648 est
789 600 904 649 .Gn.
939 601 1173 649 Octavius
1208 601 1391 650 Octavi
1423 602 1571 662 filius,
1608 618 1762 667 quem

448 690 568 747 post
599 683 785 731 bellum
826 684 970 732 civile
1004 702 1168 748 nuper
1203 685 1460 748 Collegam
1494 702 1643 733 suum
1680 685 1760 737 .L.

455 767 619 815 Cinna
640 767 800 815 victor
825 767 1036 815 occiditb
1067 768 1216 816 Alter
1238 785 1353 816 vero
1382 769 1495 816 .Gn.
1521 767 1765 816 Octavius

454 851 545 898 M.
573 850 788 898 Octavio
813 859 955 915 patre
978 851 1067 915 qui
1092 853 1405 900 consulatum
1427 869 1543 901 cum
1569 852 1769 901 Scribo-

453 934 538 982 nio
566 934 781 982 Curione
804 934 974 997 gessit.

523 1018 604 1066 ET
658 1017 927 1066 CA'roNEM
980 1035 1046 1067 ET
1092 1035 1274 1068 TOTAM
1326 1019 1767 1071 HORT'ENSIORUM

456 1117 670 1150 DoMUM.
815 1113 817 1115 ’

526 1185 727 1233 Patrem
760 1185 967 1234 Catonis
1004 1187 1251 1250 significat
1284 1188 1407 1245 eius,
1446 1188 1533 1251 qui
1569 1204 1622 1235 se
1656 1194 1774 1252 post

405 1284 407 1286 ·
458 1268 602 1317 civile
639 1269 831 1316 bellum
867 1270 1030 1317 Uticae
1066 1270 1314 1318 interfecit
1350 1271 1436 1318 .L.
1477 1269 1775 1319 Hortensio‘·

459 1350 901 1415 autemfiliusficit
925 1353 1004 1407 .Q.
1033 1352 1333 1401 Hortensius
1353 1353 1441 1417 qui
1464 1354 1776 1418 temporibus

462 1434 555 1483 .M.
574 1433 729 1491 Tulli,
747 1435 976 1498 quamvis
995 1442 1139 1484 aetate
1155 1437 1452 1500 provectior,
1467 1435 1590 1485 nond
1608 1444 1777 1486 tamen

461 1513 715 1576 famosior,
764 1520 976 1568 oratoris
1014 1537 1194 1568 nomen
1233 1519 1466 1568 obtinuit.
1537 1520 1779 1569 Densitas

463 1601 619 1665 igitur
652 1603 760 1651 haec
796 1603 1151 1666 exemplorum,
1189 1621 1302 1667 quae
1326 1605 1390 1652 ad
1423 1621 1665 1668 personas
1695 1621 1784 1652 no-

465 1685 589 1733 biles
614 1687 839 1743 refertur,
872 1686 1084 1734 multum
1119 1687 1352 1750 praesenti
1384 1688 1582 1751 negotio
1618 1696 1784 1753 patro*

469 1768 680 1826 cinatur,
707 1775 763 1816 ut
787 1769 1000 1817 Archias
1025 1776 1101 1817 tot
1125 1770 1321 1819 Amicis
1347 1778 1397 1820 et
1432 1779 1535 1820 tam
1569 1772 1785 1823 inlust1·i-.

467 1851 565 1899 bus
591 1851 736 1900 nixus
761 1869 1007 1916 perquam
1040 1853 1187 1900 facile
1209 1857 1278 1902 ad
1301 1855 1542 1903 honorem
1567 1853 1786 1911 civitatis

469 1951 684 1984 romanae
707 1936 926 1999 potuerit
949 1937 1223 2000 pervenire.

356 2024 453 2106 {dig-
538 2018 648 2067 H1c
683 2036 752 2066 TU
791 2035 1032 2067 TABULAS
1071 2028 1399 2068 DESIDERES⁰
1442 2021 1790 2081 HERACLIEN-

539 2119 685 2159 SIUM,
710 2119 840 2153 QUAS
867 2119 1155 2152 INTERISSE
1181 2120 1369 2152 SCIMUS
1395 2121 1590 2153 OMNES.

523 2313 537 2329 ²
563 2309 799 2353 Expievimus
813 2309 979 2342 lacunam
993 2319 1038 2341 ex
1056 2307 1213 2341 Asconio
1230 2306 1276 2340 ad
1293 2306 1392 2340 Orat.
1407 2316 1471 2350 pro
1494 2305 1636 2346 Comei,
1655 2315 1688 2348 p.
1710 2307 1790 2338 131.

477 2357 644 2401 quoniam
664 2357 762 2389 locus
786 2356 822 2388 in
840 2355 974 2389 Codice
998 2356 1136 2398 integer
1152 2355 1221 2398 legi
1236 2353 1371 2397 nequit.
1419 2353 1477 2385 Sic
1494 2352 1589 2385 enim
1609 2362 1646 2384 se
1662 2350 1791 2385 habet:

479 2406 500 2421 ‘⁴
518 2403 658 2437 Nobilis
682 2427 690 2436 .
717 2428 725 2436 .
750 2428 758 2437 .
785 2402 892 2436 Drusi
905 2402 965 2436 exi
989 2427 997 2436 .
1024 2427 1032 2436 .
1058 2428 1065 2436 .
1093 2407 1236 2434 senatus
1262 2426 1271 2434 .
1295 2426 1304 2434 .
1330 2425 1338 2433 .
1365 2399 1426 2443 qui
1442 2402 1566 2443 postea
1589 2423 1597 2431 .
1625 2423 1633 2431 .
1660 2422 1669 2432 .
1694 2401 1732 2431 ta
1746 2397 1793 2431 do

481 2474 489 2484 ο
515 2476 522 2484 .
548 2468 557 2483 c
575 2449 661 2482 (351),

527 2495 541 2515 ¹³
566 2497 667 2530 Idem
683 2498 801 2528 narrat
819 2495 994 2530 Asconius
1011 2495 1055 2528 ad
1070 2494 1169 2527 Orat.
1183 2504 1245 2538 pro
1260 2494 1403 2533 Scauro,
1419 2503 1455 2535 p.
1473 2493 1550 2525 174.

528 2548 540 2562 s
567 2543 655 2576 Cod.
668 2542 746 2576 Sic:
774 2542 958 2575 Hortensio
983 2568 990 2575 .
1017 2568 1024 2575 .
1052 2567 1060 2576 .
1085 2547 1195 2574 antem
1208 2540 1251 2577 Q.
1267 2539 1479 2574 Hortensius.
1495 2541 1562 2570 etc.
1578 2537 1702 2571 relicto
1718 2547 1798 2581 spa—

480 2590 542 2623 tio.
591 2590 662 2622 Sed
691 2589 928 2632 supplendum
953 2589 1030 2621 fnit.
1047 2592 1088 2621 ut
1113 2588 1273 2620 fecimus.
1322 2587 1465 2620 Patrem
1492 2587 1613 2618 autem
1638 2583 1799 2617 Oratoris

481 2636 587 2670 fuisse
604 2635 758 2669 Lucium
774 2639 925 2668 testatur
938 2635 1064 2668 Cicero
1081 2644 1134 2668 111.
1151 2634 1187 2666 in
1204 2633 1354 2666 Verrem
1372 2642 1450 2666 xvr.

529 2690 543 2710 ‘¹
569 2683 609 2720 τὸ
625 2703 701 2730 non,
718 2690 819 2723 abest
835 2702 856 2723 a
869 2690 1014 2733 Codice,
1029 2690 1090 2723 scd
1102 2689 1242 2723 ridetur
1256 2688 1506 2732 supplendum.
1542 2687 1645 2739 'Nam
1658 2686 1799 2722 Tullius

483 2747 615 2777 revera,
632 2736 793 2779 quamvis
808 2737 935 2779 iunior,
949 2737 1145 2771 Hortensio
1160 2735 1326 2770 famosior
1342 2735 1465 2771 evasit.

531 2789 544 2804 θ
569 2783 627 2818 Sic-
644 2784 733 2818 Cod.
750 2783 925 2818 desideres.
