1971 3263
484 309 566 357 xvi
931 315 1141 350 PRAEVIA
1181 313 1342 347 opmu

487 438 518 458 ‘⁶
543 430 798 479 cabantur.
837 424 1189 473 Adnotaverat
1201 428 1252 470 et
1268 420 1502 471 multaad
1517 419 1681 468 latinae
1706 417 1794 466 lin-

488 537 516 556 “
541 545 651 592 guae
676 523 1030 590 proprietatem
1061 521 1375 586 pertinentia,
1412 537 1439 568 e
1463 519 1652 585 quibus
1675 534 1795 566 non-

487 636 515 655 “
539 626 682 675 nulla
703 624 853 673 etiam
869 623 919 672 in
941 623 1096 671 libros
1115 620 1474 684 elegantiarum
1490 616 1794 666 Laurentius

487 732 515 752 “
539 724 730 789 (Valla)
754 721 1074 771 transtulisse
1103 719 1420 769 existimatur
1436 722 1467 764 :²
1502 715 1796 779 utinamque

486 831 517 853 “
541 839 643 872 non
685 821 1025 870 transtulisset
1071 820 1239 876 modo,
1295 817 1385 866 sed
1431 814 1599 864 omnia
1647 813 1798 862 etiam

487 929 516 949 “
542 938 658 970 cum
678 922 982 986 pulvisculo,
1008 927 1065 969 ut
1088 919 1287 977 dicitur,
1306 914 1663 966 converrisset!
1701 911 1800 961 Ne-

486 1028 516 1049 “
541 1038 642 1086 que
659 1022 791 1069 enim
809 1019 1205 1069 eruditissimum
1230 1018 1378 1082 Opus
1403 1014 1547 1064 cuius
1568 1012 1798 1061 umbram

488 1125 516 1146 ‘⁴
539 1118 625 1166 vix
656 1119 823 1166 adhue
857 1124 1098 1174 tenemUS‚
1124 1121 1296 1164 nostra
1318 1115 1425 1162 haec
1455 1119 1574 1161 aetas
1606 1112 1799 1160 deside-

489 1224 518 1245 “
543 1218 716 1266 raret.”
784 1216 826 1265 F
830 1216 1088 1264 ranciscus
1116 1215 1236 1262 item
1261 1212 1523 1261 Asulanus
1547 1213 1598 1260 in
1620 1228 1800 1276 praesa-

485 1317 619 1367 tione
641 1315 845 1365 Aldinae
871 1314 1124 1363 Editionis
1153 1313 1268 1361 anni
1294 1326 1518 1360 Mnxxu.
1542 1310 1615 1359 sic
1640 1310 1801 1375 loqui-

485 1422 596 1464 tur:
657 1421 684 1440 “
712 1412 833 1461 Fuit
872 1411 1129 1459 Asconius
1172 1416 1229 1456 ut
1272 1425 1477 1458 suorum
1513 1415 1798 1475 temporum

489 1521 518 1542 “
541 1511 929 1568 eruditissimus,
957 1510 1027 1557 ita
1058 1509 1209 1557 totius
1234 1509 1559 1573 antiquitatis,
1584 1516 1636 1557 et
1660 1509 1804 1558 Cice-

488 1620 518 1641 “
541 1612 674 1662 ronis
708 1609 984 1676 praesertim
1021 1607 1434 1656 studiosissimus.
1507 1608 1681 1672 Atque
1708 1609 1801 1657 uti-

488 1719 518 1740 “
542 1728 658 1760 nam
691 1711 755 1757 ad
791 1724 882 1756 nos
913 1707 1103 1770 integer
1136 1705 1394 1770 pervenire
1428 1705 1704 1769 potuisset!
1742 1714 1800 1755 ut

487 1818 517 1838 ‘⁶
542 1826 653 1875 quae
675 1809 727 1857 in
757 1807 880 1872 ipsis
905 1803 1214 1854 orationibus
1249 1803 1567 1868 perlegendis
1602 1805 1801 1870 aliquid

487 1917 516 1937 “
539 1909 669 1958 lucis
706 1906 960 1970 requirere
994 1904 1242 1960 videntur,
1277 1903 1340 1951 ab
1380 1903 1583 1952 homine
1619 1904 1802 1954 doctis-

488 2016 517 2036 “
541 2008 666 2056 simo
691 2006 1073 2059 illustrarentur,
1100 2008 1150 2050 et
1172 2019 1271 2051 non
1296 2019 1326 2050 a
1357 2003 1668 2067 quibusdam
1690 2021 1803 2059 nos»,

488 2115 516 2135 ‘⁴
540 2107 629 2155 tris
654 2103 938 2154 hominibus
956 2101 1147 2150 insulsa
1165 2104 1398 2167 quaedam
1421 2104 1471 2152 in
1490 2121 1589 2163 eaS,
1612 2110 1662 2154 et
1683 2123 1803 2171 pue-

488 2213 517 2233 “
542 2205 655 2253 rilia
698 2203 1173 2253 conscriberentur.”
1263 2204 1323 2251 In
1369 2203 1606 2254 Editione
1649 2205 1800 2255 etiam

487 2305 748 2355 Parisiaca
786 2304 901 2351 anni
949 2318 1224 2351 MDxxxvl.
1264 2303 1316 2352 in
1346 2321 1448 2367 qua
1468 2304 1567 2352 iam
1591 2304 1799 2354 nitidior

486 2404 601 2453 fluit
622 2404 892 2461 Asconius,
915 2403 957 2451 is
989 2403 1059 2450 ita
1089 2403 1153 2450 ab
1183 2402 1374 2451 Ioanne
1398 2402 1627 2452 Lodoico
1664 2421 1799 2454 com-

532 2611 546 2626 ³
571 2607 668 2640 Nihil
685 2607 841 2640 Asconio
855 2607 1062 2641 suffuratum
1076 2607 1143 2641 hac
1155 2607 1193 2641 in
1205 2609 1304 2651 parte
1321 2606 1465 2641 Vanam
1480 2607 1587 2642 docet
1608 2610 1690 2652 post
1714 2608 1800 2642 alio-

484 2652 604 2696 plures
635 2653 907 2698 Christophorus
939 2654 1130 2698 Poggialus
1161 2654 1198 2687 in
1226 2654 1409 2697 Opusculo
1439 2654 1559 2688 italico
1585 2655 1626 2688 de
1656 2655 1736 2688 Vita
1766 2661 1799 2688 et

485 2698 632 2744 Scriptis
648 2699 828 2733 Laurentii
847 2699 965 2743 Vullae,
978 2712 1012 2745 p.
1034 2704 1108 2734 122.
1156 2700 1326 2733 Ceterum
1351 2711 1398 2734 ex
1425 2700 1573 2734 Asconii
1592 2701 1799 2735 Comment-

485 2744 567 2777 ariis
582 2749 750 2789 excerpta
776 2746 944 2790 quaedam
969 2747 1016 2780 ad
1040 2758 1115 2781 rem
1139 2747 1408 2790 grammaticam
1432 2747 1648 2791 pertinentia
1665 2747 1744 2781 vide
1761 2747 1799 2781 iu

483 2790 702 2843 Auetoribus
727 2792 847 2826 latinae
870 2793 1002 2836 linguae
1032 2804 1053 2826 a
1078 2793 1252 2838 Dionysio
1275 2793 1494 2829 Gothofredo
1517 2794 1676 2830 collectis
1700 2793 1797 2829 Edit.

484 2846 568 2871 anm
584 2846 784 2873 Mntxxxv.
809 2849 843 2884 p.
863 2841 1103 2875 1362-1364.
