1971 3263
671 288 1037 325 DISSERTATIO.
1401 287 1503 319 XXV

203 400 406 450 omnino
428 415 492 449 ex
514 399 622 448 eius
647 400 1073 450 Adnotationibus
1096 397 1214 446 olim
1253 394 1402 444 editis
1439 396 1506 442 ad

202 499 344 548 Orat.
371 517 468 565 pro
492 499 695 557 Scauro,
733 500 820 548 ubi
845 501 907 548 de
932 500 1205 548 Scauriana
1227 499 1376 545 domo
1400 496 1506 543 haec

199 599 298 647 ait:
339 607 367 625 ‘⁶
413 600 642 648 Possidet
661 617 765 647 eam
793 616 926 647 nunc
953 598 1157 661 Longus
1184 596 1395 653 Caecina‚
1419 594 1508 658 qui

201 698 379 745 consul
403 699 495 746 fuit
520 715 633 745 cum
668 698 924 746 Claudio.''

268 795 406 845 Nota
429 797 475 844 in
496 797 681 861 primis,
708 797 758 844 in
783 795 991 844 Asconii
1015 804 1154 843 textu
1186 794 1505 842 scribendum
1524 789 1730 871 ξιῑξθῐίἓζηε

1524 882 1682 923 Asconii,

1526 940 1571 963 ex
1577 939 1647 972 quo
1658 937 1735 961 eius

202 995 338 1042 dices
354 994 678 1042 Ambrosiani
698 995 913 1041 habeant
933 993 1154 1060 Longus,
1172 994 1305 1056 quod
1331 993 1507 1039 mirum
1525 979 1614 1057 ᾖξε
1644 984 1735 1008 ‘³⁰¹¹'

203 896 407 961 Largus
429 912 520 958 pro
546 895 786 960 Longus:
823 895 1051 959 quamvis
1086 895 1234 942 etiam
1276 895 1374 941 duo
1415 892 1508 940 Co-

201 1109 301 1143 non
340 1102 428 1151 est,
467 1093 711 1157 siquidem
755 1092 1064 1157 exemplaria
1110 1092 1271 1139 omnia
1308 1109 1372 1139 ex
1411 1107 1509 1138 uno

204 1194 493 1258 apographo
521 1192 696 1256 Poggii
734 1192 842 1257 (qui
884 1200 932 1240 et
971 1192 1104 1239 hunc
1136 1207 1352 1239 errorem
1392 1191 1515 1238 forte

207 1293 414 1355 invexit)
430 1294 794 1357 profluxerunt.
851 1291 1013 1340 Porro
1031 1292 1248 1357 Largus,
1268 1307 1367 1339 non
1383 1289 1519 1337 Lon-

200 1409 311 1458 gus,
351 1392 552 1440 Caecina
585 1391 761 1438 consul
798 1391 892 1438 fuit
922 1408 1033 1439 curn
1072 1391 1286 1440 Claudio
1315 1390 1444 1454 Imp.
1469 1397 1520 1437 et

212 1491 328 1540 Cos,
355 1490 423 1538 II.
451 1507 580 1538 anno
607 1490 671 1538 U.
700 1491 756 1538 C.
782 1505 1002 1538 DCCXCV.
1075 1490 1144 1538 Et
1162 1490 1368 1554 quidem
1391 1488 1519 1536 Lar-

200 1607 299 1657 gus
338 1590 526 1637 habent
565 1588 667 1636 Dio
709 1589 772 1635 ad
809 1590 941 1637 hunc
977 1606 1173 1646 annum,
1214 1607 1326 1637 cum
1367 1588 1519 1637 Notis

209 1689 281 1737 ibi
327 1689 538 1736 adiectis
576 1688 623 1735 in
663 1687 801 1736 Edit.
862 1687 1235 1750 Hamburgensi
1282 1703 1525 1736 MDCCL—

211 1803 452 1836 MDCCLII.
499 1804 598 1850 qua
653 1803 744 1835 nos
792 1803 985 1850 semper
1034 1787 1231 1834 utimur.
1322 1786 1526 1851 Largus

211 1888 331 1936 item
353 1887 504 1935 habet
527 1887 657 1952 lapis
683 1887 895 1951 Neapol.
922 1887 1059 1949 apud
1086 1886 1353 1935 Gruterum
1380 1901 1525 1933 CXVI.

212 1994 258 2036 5.
332 1986 667 2051 Spanhemius
694 1987 757 2034 de
777 2003 871 2034 usu
890 1986 1117 2035 numism.
1149 1986 1294 2033 Tom.
1323 2001 1382 2034 11.
1405 2002 1454 2050 p.
1479 1991 1526 2034 9.

217 2103 293 2151 sq.
380 2086 625 2134 Baronius
665 2102 780 2134 cum
820 2085 955 2133 Nota
991 2085 1186 2133 adiecta
1221 2085 1367 2133 Tom.
1405 2101 1441 2132 1.
1478 2101 1526 2148 p.

214 2193 327 2237 289.
363 2188 534 2250 (quem
559 2186 744 2234 frustra
763 2186 815 2234 in
839 2186 936 2233 hoc
961 2184 1279 2249 reprehendit
1301 2183 1526 2246 Pagius).

214 2285 343 2335 Item
389 2285 623 2333 Norisius
669 2286 813 2349 epist.
853 2285 1058 2334 Consul.
1102 2285 1152 2332 in
1197 2290 1419 2347 apparat.
1464 2283 1530 2329 ad

215 2387 404 2435 Baron.
441 2404 489 2450 p.
540 2392 646 2434 153.
729 2385 952 2448 Pighius,
991 2383 1362 2439 Tillemontius‚
1403 2381 1531 2429 Pau-

215 2486 393 2543 vinius,
434 2484 818 2541 Mediobarbus,
853 2492 902 2532 et
928 2484 1227 2532 Gussemius
1250 2482 1528 2530 Dictionar.

216 2585 396 2633 numis.
435 2585 498 2632 T.
527 2601 585 2634 11.
612 2603 663 2650 p.
688 2590 746 2632 21
769 2603 778 2632 :
817 2591 920 2632 tum
947 2584 1182 2647 Sigonius
1207 2583 1275 2630 ita
1299 2582 1534 2630 emendat

216 2683 268 2731 in
313 2684 604 2732 Continuat.
679 2683 960 2740 Fastorum,
999 2683 1138 2748 apud
1179 2699 1328 2747 quem
1367 2689 1417 2730 et
1450 2680 1534 2729 alii

217 2781 498 2834 Auctores:
536 2789 644 2834 turn
669 2784 886 2849 denique
911 2783 1118 2848 Lipsius
1137 2784 1203 2833 ad
1226 2782 1392 2833 Tacit.
1431 2781 1535 2831 An-
