1971 3263
710 284 975 320 Momm.
1483 286 1512 328 7

201 383 322 426 tione
336 380 562 433 eiusmodI,
578 395 635 424 ex
650 396 736 439 qua
749 382 854 425 licet
869 396 1009 439 pauca
1021 380 1236 439 degustes.
1253 394 1350 423 nam
1367 386 1515 424 cetera

197 469 287 498 non
307 461 488 512 possunt
507 456 670 497 habere
699 457 882 498 eandem
912 471 1057 512 neque
1075 456 1178 509 vim,
1199 467 1340 512 neque
1360 469 1514 497 venus·

197 534 349 582 tatem,
369 534 538 570 remoto
557 528 637 570 illo
653 528 798 570 studio
816 530 1122 583 contentionis,
1145 544 1275 586 quem
1291 533 1422 578 ἀγῶνα
1438 543 1515 571 vos

195 601 447 659 appellatis.
507 601 642 656 Nam,
664 608 711 643 ut
740 602 883 643 idibus
902 602 1014 644 Maii
1034 603 1078 644 in
1099 609 1294 644 senatum
1314 603 1515 644 conveni-

195 689 306 729 mus,
321 681 501 731 rogatus
514 689 596 731 ego
610 675 881 730 sententiam,
895 675 1034 717 multa
1052 676 1144 716 dixi
1156 676 1210 717 de
1227 691 1391 717 summa
1404 676 1514 732 reip.

195 753 330 804 atque
350 748 427 790 ille
456 749 579 790 locus
609 748 810 790 inductus
841 756 906 790 est
927 764 952 790 a
979 763 1047 790 me
1068 748 1303 798 divinitus3
1338 763 1406 802 ne,
1432 763 1518 790 una

195 821 329 878 plaga
356 828 548 878 accepta,
577 827 724 878 patres
754 822 989 878 conscripti
1009 821 1303 875 conciderent,
1325 835 1379 862 ne
1411 822 1516 863 defi-

195 900 345 937 cerent
360 911 372 934 ε
402 894 562 936 vulnus
582 908 675 935 esse
695 893 922 951 ejusmodi,
945 894 1062 950 quod
1096 895 1200 936 mihi
1222 909 1363 951 neque
1395 895 1516 936 dissi-

196 967 463 1020 mulandum,
494 981 636 1022 neque
667 968 1056 1023 pertimescendum
1079 968 1332 1010 videretur:
1366 983 1420 1009 ne
1441 975 1519 1010 aut

194 1038 438 1097 ignorando
452 1039 733 1082 stultissimi*
753 1041 1059 1083 iudicaremur.
1076 1042 1143 1083 bis
1160 1042 1404 1083 absolutum
1423 1055 1517 1083 esse

195 1112 451 1168 Lentulum,
483 1114 550 1156 bis
580 1113 846 1156 Catilinam:
895 1115 1009 1156 hunc
1042 1115 1220 1156 tertium
1255 1115 1340 1155 iam
1369 1128 1462 1155 esse
1491 1129 1517 1155 a

195 1185 411 1228 iudicibus
441 1187 486 1229 in
518 1202 656 1245 remp.
690 1188 942 1230 immissum.
994 1184 1128 1229 Erras
1169 1186 1325 1229 Clodi:
1364 1201 1451 1228 non
1472 1194 1516 1229 te

196 1259 363 1302 iudices
383 1261 496 1315 urbi,
518 1261 592 1303 sed
622 1262 789 1304 carceri
814 1267 1094 1304 reservarunt
1113 1279 1124 1312 ;
1153 1275 1295 1317 neque
1326 1261 1517 1302 retinere

196 1333 242 1375 in
261 1333 450 1388 civitate,
474 1335 550 1376 sed
581 1335 718 1376 exilio
743 1335 918 1391 privare
951 1335 1201 1376 voluerunt.
1234 1335 1517 1390 quamobrem

195 1412 342 1464 patres
362 1407 595 1464 conscripti
615 1408 772 1464 erigite
792 1408 974 1461 animos,
997 1408 1185 1449 retinete
1205 1414 1394 1449 vestram
1425 1406 1518 1463 dig-

195 1480 390 1522 nitatem.
413 1487 557 1522 manet
577 1481 654 1522 illa
675 1482 719 1522 in
749 1495 842 1537 rep.
868 1482 1081 1522 bonorum
1103 1480 1328 1522 consensio
1348 1497 1358 1521 ε
1391 1479 1518 1521 dolor

195 1554 377 1596 accessit
393 1555 517 1596 bonis
535 1555 666 1606 viris3
701 1556 839 1596 virtus
856 1569 942 1596 non
959 1561 1024 1596 est
1039 1555 1265 1596 imminuta
1282 1570 1292 1594 ε
1325 1554 1437 1595 nihil
1454 1559 1519 1594 est

197 1625 343 1669 damni
372 1628 533 1669 factum
562 1628 678 1680 novi,
702 1628 790 1681 sed,
812 1628 930 1683 quod
959 1634 1068 1681 erat,
1102 1629 1326 1669 inventum
1359 1633 1438 1669 est.
1472 1628 1518 1669 in

196 1700 323 1742 unius
339 1701 524 1742 hominis
538 1701 697 1757 perditi
715 1701 876 1742 iudicio
890 1701 1036 1758 plures
1050 1701 1211 1743 similes
1225 1701 1389 1757 reperti
1402 1706 1515 1742 sunt.

196 1772 284 1815 Sed
303 1773 410 1829 quid
439 1777 555 1830 ago?
591 1788 715 1831 paene
747 1774 985 1815 orationem
1012 1775 1056 1815 in
1087 1774 1316 1830 epistolam
1343 1773 1514 1815 inclusi.

197 1847 351 1889 Redeo
387 1848 443 1889 ad
479 1847 823 1889 altercationem.
903 1848 1052 1901 Surgit
1088 1847 1336 1903 pulchellus
1376 1861 1512 1903 puer:

198 1919 346 1962 obiicit
377 1920 495 1974 mihi,
522 1935 590 1962 me
619 1921 674 1961 ad
707 1920 840 1962 Baias
866 1921 1011 1961 fuisse.
1045 1920 1230 1961 falsum:
1274 1919 1350 1961 sed
1371 1927 1515 1961 tamen

199 1993 305 2049 quid
331 1993 444 2034 hoc?
483 1993 622 2034 simile
654 1998 733 2046 est,
765 1993 957 2048 inquam,
984 1993 1108 2048 quasi
1138 1993 1182 2033 in
1210 1998 1364 2049 operto
1397 1992 1515 2033 dicas

196 2065 343 2108 fuisse.
403 2065 533 2119 Quid,
555 2066 710 2122 inquit,
732 2066 898 2108 homini
923 2066 1130 2122 Arpinati
1151 2080 1246 2106 cum
1268 2066 1392 2120 aquis
1412 2065 1514 2107 cali-

198 2138 293 2181 dis?
324 2153 468 2193 narra,
489 2139 680 2195 inquam,
709 2146 894 2196 patrono
915 2145 1006 2192 tuo,
1028 2139 1103 2195 qui
1124 2139 1361 2195 Arpinates
1380 2153 1514 2194 aquas

197 2212 462 2268 concupivit.
501 2212 616 2253 nosti
649 2213 762 2254 enim
794 2214 996 2254 marinas.
1071 2212 1324 2267 Quousque,
1356 2212 1513 2268 inquit,

195 2284 312 2327 hunc
341 2298 489 2341 regem
519 2285 739 2326 feremus?
771 2299 916 2341 regem
948 2285 1161 2341 appellas,
1193 2285 1383 2340 inquam,
1415 2300 1512 2327 cum

198 2358 300 2400 Rex
319 2358 385 2399 tui
411 2358 671 2399 mentionem
703 2358 868 2399 nullam
894 2358 1071 2399 fecerit?
1103 2358 1180 2399 ille
1200 2364 1344 2398 autem
1377 2358 1512 2414 Regis

197 2430 484 2473 hereditatem
513 2439 588 2487 spe
620 2430 860 2473 devorarat.
928 2430 1134 2484 Domum,
1168 2431 1322 2486 inquit,
1355 2431 1510 2472 emisti.

197 2508 339 2559 putas,
359 2504 551 2560 inquam,
573 2503 731 2557 dicere,
753 2503 917 2544 iudices
936 2504 1078 2544 emisti
1096 2507 1109 2544 ?
1146 2503 1332 2557 Iuranti,
1353 2503 1510 2560 inquit,

246 2687 267 2708 *
283 2687 420 2722 Locum
445 2688 603 2723 hiantem
625 2689 770 2733 quidam
787 2688 932 2732 explent
951 2688 1017 2728 sic;
1042 2693 1101 2720 ant
1116 2687 1261 2720 timendo
1289 2687 1508 2734 ignavissimi.

201 2732 248 2767 In
271 2734 384 2771 codd.
431 2735 675 2770 Ambrosianis
690 2736 830 2770 nullum
847 2735 1133 2779 supplementum
1150 2733 1280 2769 inveni.
