1971 3263
671 307 772 343 PRO
797 305 1006 342 SCAURO.
1463 304 1493 344 9

191 418 383 462 certum
423 407 772 469 constituerat)
813 423 929 455 cum
990 405 1086 452 hoc
1142 402 1235 451 sibi
1287 409 1496 450 certum*

193 503 222 522 “
247 493 613 544 contentionem
638 492 742 539 fore
779 489 1034 554 putabat.”
1101 485 1302 550 Appius
1327 493 1496 532 autem

189 578 286 626 hoc
315 577 552 624 maiorem
584 575 730 622 etiam
757 574 894 637 quod
918 572 1059 619 illum
1098 570 1146 617 in
1173 568 1497 632 pontificatus

189 660 444 726 petitione,
468 660 517 705 in
544 658 738 713 saliatu,
755 656 808 704 in
826 655 1002 703 ceteris
1033 652 1324 700 meminerat
1347 650 1501 697 fuisse

189 742 470 805 patricium.
542 738 880 795 Quamobrem
917 752 969 782 se
1003 734 1212 781 consule
1241 750 1407 797 neque
1431 749 1503 780 re-

191 823 314 888 pelli
348 823 549 870 Fratem
573 822 788 875 volebat,
814 834 994 881 neque,
1021 816 1061 863 si
1086 816 1326 879 patricius
1357 823 1501 871 esset,

192 921 366 970 parem
383 904 577 951 Scauro
595 904 701 949 fore
724 901 942 955 videbat,
964 899 1057 946 nisi
1075 900 1208 946 hunc
1226 898 1396 961 aliquo
1417 904 1505 944 aut

191 995 330 1036 metu
367 992 456 1033 aut
487 984 690 1032 infamia
727 984 1043 1048 perculisset.
1113 979 1225 1044 Ego
1253 980 1307 1027 id
1343 978 1508 1027 Fratri

193 1069 247 1118 in
262 1069 452 1116 honore
471 1066 664 1115 Fratris
687 1066 997 1130 amplissimo
1013 1080 1110 1111 non
1125 1063 1506 1110 concedendum

195 1227 380 1270 solebant
406 1226 675 1268 administrare
703 1225 869 1280 patricii,
899 1224 967 1265 ubi
996 1222 1329 1264 administrassent
1347 1221 1431 1262 haec
1451 1236 1511 1261 sa-

197 1301 548 1352 cerdotia‚fiebant
563 1300 760 1340 consules.
811 1297 901 1339 Lex
934 1307 1014 1339 erat
1040 1307 1172 1338 autem
1194 1296 1318 1351 ξῆῖξέῦῇ
1345 1295 1511 1344 colonis,

199 1381 242 1414 ut
257 1387 357 1413 unus
374 1372 485 1413 fieret
499 1373 547 1411 de
563 1372 748 1426 patriciis,
766 1371 864 1413 alius
891 1372 939 1412 de
957 1371 1120 1425 plebeis.
1181 1370 1269 1411 Lex
1286 1370 1404 1411 etiam
1431 1378 1514 1411 erat

198 1454 242 1488 ut
267 1446 403 1487 liceret
430 1446 534 1485 duos
564 1445 742 1498 plebeios
771 1460 874 1494 esse,
902 1460 982 1484 non
1012 1444 1148 1485 liceret
1181 1446 1282 1486 duos
1311 1443 1514 1499 patricios.

201 1520 311 1574 Ergo
326 1533 487 1559 necesse
503 1518 628 1557 fuerat
643 1521 683 1572 13}
708 1532 808 1557 unus
832 1517 942 1557 fieret
969 1517 1163 1570 plebeius,
1179 1533 1280 1558 unus
1301 1517 1486 1572 patricius
1504 1534 1512 1559 :

201 1592 362 1634 Priores
378 1591 539 1646 quidem
567 1593 748 1630 consules
771 1591 918 1630 fiebant
938 1590 1094 1644 plebei:
1126 1592 1194 1630 sed
1224 1590 1410 1644 panicius
1445 1590 1516 1632 ad-

201 1664 445 1706 ministrabat
463 1663 503 1703 in
519 1663 635 1703 finita
651 1663 893 1713 Sacerdofia,
911 1678 1073 1720 seroque
1088 1663 1338 1717 perveniebat
1351 1664 1400 1703 ad
1421 1678 1514 1704 con-

204 1739 384 1780 sulatum.
441 1732 600 1778 'Contra
620 1735 799 1792 plebeius
818 1735 896 1775 cito
916 1735 1113 1777 veniebat.
1147 1736 1229 1776 Sed
1249 1734 1420 1776 melioris
1438 1735 1516 1776 loci

202 1820 266 1854 est
279 1812 469 1867 patricius
493 1813 647 1862 consul,
661 1825 779 1866 quam
792 1808 986 1864 plebeius.
1003 1810 1178 1850 Scaurus
1203 1814 1318 1864 ‘qn-{831-
1337 1809 1517 1863 pftricius

205 1886 348 1930 fuerat.
410 1885 603 1926 Claudius
624 1885 691 1941 qui
720 1886 836 1924 frater
854 1892 914 1924 est
938 1882 1084 1925 Claudi
1114 1884 1288 1925 consulis
1319 1899 1430 1938 aeque
1449 1898 1520 1937 pa-

207 1960 434 2002 triciusfuit.
451 1960 588 2001 Ambo
616 1959 792 2015 patric-,iis
823 1970 845 2013 «ἶ
883 1958 1027 2014 ξξὶῐξιίἰίὶε
1045 1957 1292 2012 migraverant
1308 1958 1351 2011 ad
1366 1958 1519 2013 Rl‘fbeflja

210 2031 278 2088 qui
297 2031 449 2086 patricii
464 2033 631 2073 fuerant.
667 2031 861 2072 Claudius
884 2032 1060 2071 nondum
1089 2034 1268 2087 slafferat
1287 2037 1520 2086 conpeteret

211 2118 256 2163 ¹35³
268 2107 442 2162 P?t.¹.l⁶.'l¹¹.⁵.
464 2117 510 2161 Ψ
535 2107 716 2163 Βῖθέθξμξ]
734 2106 814 2148 Sed
828 2112 910 2147 tute
926 2113 1066 2147 neutro
1086 2107 1127 2147 in
1140 2106 1263 2159 gradu
1278 2115 1412 2160 petere
1426 2120 1520 2146 con-

213 2182 380 2222 sulatum
396 2189 549 2234 poterat
571 2212 580 2221 .
614 2212 622 2221 .
662 2212 670 2221 .
687 2180 786 2221 Ideo
803 2179 932 2236 igitur
944 2179 1044 2220 <licit
1063 2178 1205 2222 Cicero
1227 2178 1521 2220 accusationem

212 2253 412 2295 intendere
446 2254 514 2296 M.
540 2255 707 2305 Scauro,
732 2253 840 2309 quod
867 2252 902 2293 ei
935 2267 1014 2293 non
1040 2261 1193 2307 poterat
1214 2235 1442 2308 competere
1455 2261 1522 2293 aut

215 2327 326 2384 quasi
346 2328 547 2383 patricius,
564 2336 630 2368 aut
645 2326 756 2383 quasi
775 2326 986 2381 plebeius.c

261 2485 275 2502 ⁴³
299 2481 447 2519 Moneo,
474 2491 532 2514 me
548 2481 616 2514 boc
638 2479 810 2514 scholium
827 2489 897 2512 non
926 2478 1082 2521 potuisse
1110 2478 1287 2522 integrum
1305 2477 1522 2511 describere:

217 2527 306 2561 adeo
323 2528 494 2572 scriptura
521 2532 574 2561 est
599 2528 727 2571 partim
751 2526 945 2566 obliterata,
973 2525 1100 2568 partim
1115 2524 1352 2568 rescriptionis
1368 2523 1524 2568 superin-

221 2574 388 2608 ductione
405 2575 540 2607 obtura.

265 2625 281 2647 ἔ
304 2621 457 2654 Videtur
473 2620 718 2664 corrigendum
734 2625 867 2653 certam.
909 2617 1035 2651 Narrat
1052 2622 1171 2651 autem
1188 2617 1312 2651 Cicero
1328 2617 1397 2650 Pro
1407 2616 1526 2649 Domo

220 2677 284 2700 sua
309 2667 354 2700 ad
383 2667 510 2700 Pontis.
547 2677 708 2700 xiii-xiv.
740 2667 778 2700 P.
807 2665 973 2698 Clodium
1004 2665 1041 2697 in
1079 2669 1223 2708 gentem
1248 2664 1434 2697 Fonteiam
1465 2673 1526 2706 per

221 2713 444 2756 adoptionem
461 2715 638 2754 transisse,
667 2717 708 2747 ut
732 2724 751 2746 e
777 2712 933 2757 patriciis
959 2711 1125 2744 videlicet
1142 2711 1267 2750 exiret,
1298 2714 1334 2744 et
1364 2710 1527 2743 tribunus

219 2759 333 2810 plebis
347 2760 420 2793 fieri
431 2763 561 2803 posset.
609 2760 681 2802 Qui
697 2761 795 2796 locus
810 2757 1001 2802 Ciceronis,
1011 2757 1103 2793 hanc
1119 2758 1269 2793 illustrat
1284 2760 1421 2802 partem
1438 2756 1527 2789 Ora-

222 2810 325 2838 nonis
340 2816 403 2850 pro
419 2806 560 2841 Scauro.
