<?xml version="1.0" encoding="UTF-8"?>
<!DOCTYPE html PUBLIC "-//W3C//DTD XHTML 1.0 Transitional//EN"
    "http://www.w3.org/TR/xhtml1/DTD/xhtml1-transitional.dtd">
<html xmlns="http://www.w3.org/1999/xhtml" xml:lang="en" lang="en">
 <head>
  <title>
</title>
<meta http-equiv="Content-Type" content="text/html;charset=utf-8" />
  <meta name='ocr-system' content='tesseract 3.04.00' />
  <meta name='ocr-capabilities' content='ocr_page ocr_carea ocr_par ocr_line ocrx_word'/>
</head>
<body>
  <div class='ocr_page' id='page_1' title='image "./sexorationumfrag00ciceuoft_0013.png"; bbox 0 0 1971 3263; ppageno 0'>
   <div class='ocr_carea' id='block_1_1' title="bbox 243 552 1356 617">
    <p class='ocr_par' dir='ltr' id='par_1_1' title="bbox 243 552 1356 617">
     <span class='ocr_line' id='line_1_1' title="bbox 243 552 1356 617; baseline 0.004 -18"><span class='ocrx_word' id='word_1_1' title='bbox 243 615 246 617; x_wconf 88' lang='lat'>.</span> <span class='ocrx_word' id='word_1_2' title='bbox 311 552 398 600; x_wconf 82' lang='lat' dir='ltr'>DE</span> <span class='ocrx_word' id='word_1_3' title='bbox 431 555 775 601; x_wconf 86' lang='lat' dir='ltr'>CICERONIS</span> <span class='ocrx_word' id='word_1_4' title='bbox 809 555 1356 605; x_wconf 86' lang='lat' dir='ltr'><strong>FRAGMENTORUM</strong></span> 
     </span>
    </p>
   </div>
   <div class='ocr_carea' id='block_1_2' title="bbox 490 712 1188 759">
    <p class='ocr_par' dir='ltr' id='par_1_2' title="bbox 490 712 1188 759">
     <span class='ocr_line' id='line_1_2' title="bbox 490 712 1188 759; baseline 0.001 -3"><span class='ocrx_word' id='word_1_5' title='bbox 490 713 749 759; x_wconf 87' lang='lat' dir='ltr'><strong>NUPERA</strong></span> <span class='ocrx_word' id='word_1_6' title='bbox 782 713 851 756; x_wconf 91' lang='lat' dir='ltr'>IN</span> <span class='ocrx_word' id='word_1_7' title='bbox 856 712 981 756; x_wconf 86' lang='lat' dir='ltr'>VEN</span> <span class='ocrx_word' id='word_1_8' title='bbox 986 713 1145 758; x_wconf 92' lang='lat' dir='ltr'>TION</span> <span class='ocrx_word' id='word_1_9' title='bbox 1150 713 1188 757; x_wconf 92' lang='lat' dir='ltr'>E</span> 
     </span>
    </p>
   </div>
   <div class='ocr_carea' id='block_1_3' title="bbox 372 893 1295 959">
    <p class='ocr_par' dir='ltr' id='par_1_3' title="bbox 372 893 1295 959">
     <span class='ocr_line' id='line_1_3' title="bbox 372 893 1295 959; baseline -0.002 -3"><span class='ocrx_word' id='word_1_10' title='bbox 372 893 1295 959; x_wconf 86' lang='lat' dir='ltr'><strong>DISSERTATIO.</strong></span> 
     </span>
    </p>
   </div>
   <div class='ocr_carea' id='block_1_4' title="bbox 694 1145 977 1154">
    <p class='ocr_par' dir='ltr' id='par_1_4' title="bbox 694 1145 977 1154">
     <span class='ocr_line' id='line_1_4' title="bbox 694 1145 977 1154; baseline 0 -2"><span class='ocrx_word' id='word_1_11' title='bbox 694 1145 977 1154; x_wconf 71' lang='lat'>-————-—</span> 
     </span>
    </p>
   </div>
   <div class='ocr_carea' id='block_1_5' title="bbox 174 1338 1496 1913">
    <p class='ocr_par' dir='ltr' id='par_1_5' title="bbox 174 1338 1496 1913">
     <span class='ocr_line' id='line_1_5' title="bbox 177 1338 1491 1428; baseline -0.002 -13"><span class='ocrx_word' id='word_1_12' title='bbox 177 1338 432 1415; x_wconf 78' lang='lat' dir='ltr'>LATINAE</span> <span class='ocrx_word' id='word_1_13' title='bbox 456 1362 754 1427; x_wconf 89' lang='lat' dir='ltr'>eloquentiae</span> <span class='ocrx_word' id='word_1_14' title='bbox 787 1361 1066 1428; x_wconf 84' lang='lat' dir='ltr'>principem</span> <span class='ocrx_word' id='word_1_15' title='bbox 1093 1361 1388 1413; x_wconf 79' lang='lat' dir='ltr'>Ciceronem</span> <span class='ocrx_word' id='word_1_16' title='bbox 1412 1364 1491 1414; x_wconf 87' lang='lat' dir='ltr'>vel</span> 
     </span>
     <span class='ocr_line' id='line_1_6' title="bbox 179 1445 1494 1511; baseline 0.002 -17"><span class='ocrx_word' id='word_1_17' title='bbox 179 1462 237 1495; x_wconf 91' lang='lat' dir='ltr'>eo</span> <span class='ocrx_word' id='word_1_18' title='bbox 261 1446 475 1493; x_wconf 84' lang='lat' dir='ltr'>maxime</span> <span class='ocrx_word' id='word_1_19' title='bbox 503 1445 702 1494; x_wconf 88' lang='lat' dir='ltr'>nomine</span> <span class='ocrx_word' id='word_1_20' title='bbox 725 1445 893 1493; x_wconf 87' lang='lat' dir='ltr'>mirari</span> <span class='ocrx_word' id='word_1_21' title='bbox 916 1446 1068 1504; x_wconf 91' lang='lat' dir='ltr'>soleo,</span> <span class='ocrx_word' id='word_1_22' title='bbox 1095 1447 1235 1510; x_wconf 90' lang='lat' dir='ltr'>quod</span> <span class='ocrx_word' id='word_1_23' title='bbox 1261 1463 1422 1511; x_wconf 90' lang='lat' dir='ltr'>quum</span> <span class='ocrx_word' id='word_1_24' title='bbox 1442 1448 1494 1497; x_wconf 87' lang='lat' dir='ltr'>in</span> 
     </span>
     <span class='ocr_line' id='line_1_7' title="bbox 176 1528 1495 1593; baseline 0.001 -15"><span class='ocrx_word' id='word_1_25' title='bbox 176 1528 565 1593; x_wconf 84' lang='lat' dir='ltr'>occupatissimo</span> <span class='ocrx_word' id='word_1_26' title='bbox 589 1529 868 1577; x_wconf 85' lang='lat' dir='ltr'>ambitionis</span> <span class='ocrx_word' id='word_1_27' title='bbox 888 1545 1038 1576; x_wconf 89' lang='lat' dir='ltr'>cursu</span> <span class='ocrx_word' id='word_1_28' title='bbox 1059 1535 1214 1592; x_wconf 87' lang='lat' dir='ltr'>atque</span> <span class='ocrx_word' id='word_1_29' title='bbox 1228 1529 1280 1577; x_wconf 90' lang='lat' dir='ltr'>in</span> <span class='ocrx_word' id='word_1_30' title='bbox 1298 1530 1495 1580; x_wconf 85' lang='lat' dir='ltr'>cunctis</span> 
     </span>
     <span class='ocr_line' id='line_1_8' title="bbox 175 1611 1493 1677; baseline 0.002 -18"><span class='ocrx_word' id='word_1_31' title='bbox 175 1627 317 1677; x_wconf 88' lang='lat' dir='ltr'>paene</span> <span class='ocrx_word' id='word_1_32' title='bbox 351 1611 641 1677; x_wconf 80' lang='lat' dir='ltr'>reipublicae</span> <span class='ocrx_word' id='word_1_33' title='bbox 675 1612 966 1660; x_wconf 83' lang='lat' dir='ltr'>muneribus</span> <span class='ocrx_word' id='word_1_34' title='bbox 1005 1613 1068 1659; x_wconf 81' lang='lat' dir='ltr'>ab</span> <span class='ocrx_word' id='word_1_35' title='bbox 1102 1611 1307 1661; x_wconf 89' lang='lat' dir='ltr'>ineunte</span> <span class='ocrx_word' id='word_1_36' title='bbox 1347 1618 1493 1662; x_wconf 81' lang='lat' dir='ltr'>aetate</span> 
     </span>
     <span class='ocr_line' id='line_1_9' title="bbox 175 1693 1495 1752; baseline 0.002 -10"><span class='ocrx_word' id='word_1_37' title='bbox 175 1701 397 1743; x_wconf 85' lang='lat' dir='ltr'>versatus</span> <span class='ocrx_word' id='word_1_38' title='bbox 430 1695 508 1752; x_wconf 89' lang='lat' dir='ltr'>sit,</span> <span class='ocrx_word' id='word_1_39' title='bbox 546 1700 738 1743; x_wconf 86' lang='lat' dir='ltr'>tantum</span> <span class='ocrx_word' id='word_1_40' title='bbox 780 1693 1108 1742; x_wconf 84' lang='lat' dir='ltr'>nihilominus</span> <span class='ocrx_word' id='word_1_41' title='bbox 1145 1694 1233 1743; x_wconf 88' lang='lat' dir='ltr'>otii</span> <span class='ocrx_word' id='word_1_42' title='bbox 1270 1701 1347 1743; x_wconf 86' lang='lat' dir='ltr'>tot</span> <span class='ocrx_word' id='word_1_43' title='bbox 1376 1696 1495 1745; x_wconf 87' lang='lat' dir='ltr'>scri-</span> 
     </span>
     <span class='ocr_line' id='line_1_10' title="bbox 174 1777 1492 1842; baseline 0.002 -16"><span class='ocrx_word' id='word_1_44' title='bbox 174 1777 355 1832; x_wconf 88' lang='lat' dir='ltr'>bendis</span> <span class='ocrx_word' id='word_1_45' title='bbox 393 1777 634 1842; x_wconf 85' lang='lat' dir='ltr'>operibus</span> <span class='ocrx_word' id='word_1_46' title='bbox 681 1777 1008 1842; x_wconf 81' lang='lat' dir='ltr'>suppeditare</span> <span class='ocrx_word' id='word_1_47' title='bbox 1045 1777 1284 1842; x_wconf 87' lang='lat' dir='ltr'>potuerit.</span> <span class='ocrx_word' id='word_1_48' title='bbox 1317 1830 1321 1831; x_wconf 16' lang='lat'><em>⁷</em></span> <span class='ocrx_word' id='word_1_49' title='bbox 1356 1778 1492 1834; x_wconf 84' lang='lat' dir='ltr'>Quid</span> 
     </span>
     <span class='ocr_line' id='line_1_11' title="bbox 175 1861 1496 1913; baseline 0.002 -4"><span class='ocrx_word' id='word_1_50' title='bbox 175 1861 306 1909; x_wconf 88' lang='lat' dir='ltr'>enim</span> <span class='ocrx_word' id='word_1_51' title='bbox 337 1868 416 1909; x_wconf 87' lang='lat' dir='ltr'>est</span> <span class='ocrx_word' id='word_1_52' title='bbox 438 1861 489 1909; x_wconf 92' lang='lat' dir='ltr'>in</span> <span class='ocrx_word' id='word_1_53' title='bbox 511 1861 645 1910; x_wconf 91' lang='lat' dir='ltr'>omni</span> <span class='ocrx_word' id='word_1_54' title='bbox 668 1861 910 1909; x_wconf 85' lang='lat' dir='ltr'>varietate</span> <span class='ocrx_word' id='word_1_55' title='bbox 933 1862 1183 1910; x_wconf 86' lang='lat' dir='ltr'>bonarum</span> <span class='ocrx_word' id='word_1_56' title='bbox 1207 1862 1389 1913; x_wconf 86' lang='lat' dir='ltr'>artium</span> <span class='ocrx_word' id='word_1_57' title='bbox 1423 1868 1496 1911; x_wconf 84' lang='lat' dir='ltr'>at-</span> 
     </span>
    </p>
   </div>
   <div class='ocr_carea' id='block_1_6' title="bbox 106 1944 1493 2009">
    <p class='ocr_par' dir='ltr' id='par_1_6' title="bbox 106 1944 1493 2009">
     <span class='ocr_line' id='line_1_12' title="bbox 106 1944 1493 2009; baseline 0.001 -16"><span class='ocrx_word' id='word_1_58' title='bbox 106 1995 109 1999; x_wconf 65' lang='lat'><em>,</em></span> <span class='ocrx_word' id='word_1_59' title='bbox 177 1961 278 2009; x_wconf 92' lang='lat' dir='ltr'>que</span> <span class='ocrx_word' id='word_1_60' title='bbox 297 1944 594 2003; x_wconf 83' lang='lat' dir='ltr'>litterarum,</span> <span class='ocrx_word' id='word_1_61' title='bbox 622 1945 762 2008; x_wconf 91' lang='lat' dir='ltr'>quod</span> <span class='ocrx_word' id='word_1_62' title='bbox 795 1945 879 1993; x_wconf 93' lang='lat' dir='ltr'>ille</span> <span class='ocrx_word' id='word_1_63' title='bbox 903 1945 1092 1993; x_wconf 87' lang='lat' dir='ltr'>caelesti</span> <span class='ocrx_word' id='word_1_64' title='bbox 1120 1946 1279 1994; x_wconf 84' lang='lat' dir='ltr'>fretus</span> <span class='ocrx_word' id='word_1_65' title='bbox 1312 1945 1493 2009; x_wconf 86' lang='lat' dir='ltr'>ingenii</span> 
     </span>
    </p>
   </div>
   <div class='ocr_carea' id='block_1_7' title="bbox 175 2028 1496 2842">
    <p class='ocr_par' dir='ltr' id='par_1_7' title="bbox 175 2028 1496 2842">
     <span class='ocr_line' id='line_1_13' title="bbox 176 2028 1496 2093; baseline 0.002 -17"><span class='ocrx_word' id='word_1_66' title='bbox 176 2028 237 2085; x_wconf 87' lang='lat' dir='ltr'>vi,</span> <span class='ocrx_word' id='word_1_67' title='bbox 280 2028 601 2093; x_wconf 88' lang='lat' dir='ltr'>mirabilique</span> <span class='ocrx_word' id='word_1_68' title='bbox 639 2028 941 2077; x_wconf 88' lang='lat' dir='ltr'>elocutionis</span> <span class='ocrx_word' id='word_1_69' title='bbox 984 2035 1182 2087; x_wconf 79' lang='lat' dir='ltr'>ornata,</span> <span class='ocrx_word' id='word_1_70' title='bbox 1231 2045 1348 2077; x_wconf 89' lang='lat' dir='ltr'>cum</span> <span class='ocrx_word' id='word_1_71' title='bbox 1402 2045 1496 2078; x_wconf 86' lang='lat' dir='ltr'>sua</span> 
     </span>
     <span class='ocr_line' id='line_1_14' title="bbox 176 2111 1491 2177; baseline 0.002 -18"><span class='ocrx_word' id='word_1_72' title='bbox 176 2112 328 2160; x_wconf 85' lang='lat' dir='ltr'>laude</span> <span class='ocrx_word' id='word_1_73' title='bbox 359 2112 627 2160; x_wconf 85' lang='lat' dir='ltr'>immortali</span> <span class='ocrx_word' id='word_1_74' title='bbox 658 2129 757 2161; x_wconf 90' lang='lat' dir='ltr'>non</span> <span class='ocrx_word' id='word_1_75' title='bbox 789 2111 1039 2176; x_wconf 84' lang='lat' dir='ltr'>attigerit?</span> <span class='ocrx_word' id='word_1_76' title='bbox 1091 2112 1491 2177; x_wconf 81' lang='lat' dir='ltr'>Philosophiam,</span> 
     </span>
     <span class='ocr_line' id='line_1_15' title="bbox 176 2196 1494 2261; baseline 0.002 -19"><span class='ocrx_word' id='word_1_77' title='bbox 176 2212 337 2259; x_wconf 89' lang='lat' dir='ltr'>quum</span> <span class='ocrx_word' id='word_1_78' title='bbox 410 2213 469 2243; x_wconf 83' lang='lat' dir='ltr'>ea</span> <span class='ocrx_word' id='word_1_79' title='bbox 540 2196 694 2244; x_wconf 86' lang='lat' dir='ltr'>nullis</span> <span class='ocrx_word' id='word_1_80' title='bbox 761 2213 922 2261; x_wconf 86' lang='lat' dir='ltr'>prope</span> <span class='ocrx_word' id='word_1_81' title='bbox 978 2196 1179 2260; x_wconf 89' lang='lat' dir='ltr'>scriptis</span> <span class='ocrx_word' id='word_1_82' title='bbox 1240 2196 1494 2245; x_wconf 80' lang='lat' dir='ltr'>illustrata</span> 
     </span>
     <span class='ocr_line' id='line_1_16' title="bbox 175 2277 1494 2344; baseline 0.002 -20"><span class='ocrx_word' id='word_1_83' title='bbox 175 2277 313 2341; x_wconf 83' lang='lat' dir='ltr'>apud</span> <span class='ocrx_word' id='word_1_84' title='bbox 345 2277 527 2328; x_wconf 79' lang='lat' dir='ltr'>latinos</span> <span class='ocrx_word' id='word_1_85' title='bbox 552 2278 751 2336; x_wconf 85' lang='lat' dir='ltr'>iaceret,</span> <span class='ocrx_word' id='word_1_86' title='bbox 788 2279 979 2344; x_wconf 89' lang='lat' dir='ltr'>primus</span> <span class='ocrx_word' id='word_1_87' title='bbox 1019 2278 1199 2327; x_wconf 90' lang='lat' dir='ltr'>Cicero</span> <span class='ocrx_word' id='word_1_88' title='bbox 1234 2279 1408 2336; x_wconf 87' lang='lat' dir='ltr'>erexit,</span> <span class='ocrx_word' id='word_1_89' title='bbox 1445 2286 1494 2327; x_wconf 86' lang='lat' dir='ltr'>et</span> 
     </span>
     <span class='ocr_line' id='line_1_17' title="bbox 177 2359 1494 2423; baseline 0.003 -16"><span class='ocrx_word' id='word_1_90' title='bbox 177 2359 404 2423; x_wconf 81' lang='lat' dir='ltr'>plurimis</span> <span class='ocrx_word' id='word_1_91' title='bbox 446 2361 594 2410; x_wconf 84' lang='lat' dir='ltr'>editis</span> <span class='ocrx_word' id='word_1_92' title='bbox 641 2362 979 2410; x_wconf 86' lang='lat' dir='ltr'>voluminibus</span> <span class='ocrx_word' id='word_1_93' title='bbox 1018 2361 1305 2410; x_wconf 85' lang='lat' dir='ltr'>felicissime</span> <span class='ocrx_word' id='word_1_94' title='bbox 1348 2378 1494 2411; x_wconf 83' lang='lat' dir='ltr'>exco-</span> 
     </span>
     <span class='ocr_line' id='line_1_18' title="bbox 176 2441 1493 2510; baseline 0.005 -22"><span class='ocrx_word' id='word_1_95' title='bbox 176 2441 300 2490; x_wconf 85' lang='lat' dir='ltr'>luit:</span> <span class='ocrx_word' id='word_1_96' title='bbox 350 2443 400 2490; x_wconf 92' lang='lat' dir='ltr'>in</span> <span class='ocrx_word' id='word_1_97' title='bbox 437 2460 540 2507; x_wconf 92' lang='lat' dir='ltr'>quo</span> <span class='ocrx_word' id='word_1_98' title='bbox 583 2444 813 2493; x_wconf 88' lang='lat' dir='ltr'>videlicet</span> <span class='ocrx_word' id='word_1_99' title='bbox 849 2445 987 2510; x_wconf 89' lang='lat' dir='ltr'>picto</span> <span class='ocrx_word' id='word_1_100' title='bbox 1027 2452 1077 2493; x_wconf 86' lang='lat' dir='ltr'>et</span> <span class='ocrx_word' id='word_1_101' title='bbox 1115 2444 1341 2509; x_wconf 80' lang='lat' dir='ltr'>expolito</span> <span class='ocrx_word' id='word_1_102' title='bbox 1376 2445 1493 2494; x_wconf 86' lang='lat' dir='ltr'>scri-</span> 
     </span>
     <span class='ocr_line' id='line_1_19' title="bbox 175 2524 1490 2592; baseline 0.005 -22"><span class='ocrx_word' id='word_1_103' title='bbox 175 2524 327 2572; x_wconf 87' lang='lat' dir='ltr'>bendi</span> <span class='ocrx_word' id='word_1_104' title='bbox 373 2542 552 2589; x_wconf 81' lang='lat' dir='ltr'>genere</span> <span class='ocrx_word' id='word_1_105' title='bbox 595 2544 712 2575; x_wconf 87' lang='lat' dir='ltr'>cum</span> <span class='ocrx_word' id='word_1_106' title='bbox 760 2528 1000 2576; x_wconf 84' lang='lat' dir='ltr'>doctrinae</span> <span class='ocrx_word' id='word_1_107' title='bbox 1047 2528 1384 2592; x_wconf 85' lang='lat' dir='ltr'>praestantiam</span> <span class='ocrx_word' id='word_1_108' title='bbox 1430 2546 1490 2577; x_wconf 87' lang='lat' dir='ltr'>ac</span> 
     </span>
     <span class='ocr_line' id='line_1_20' title="bbox 175 2607 1491 2668; baseline 0.004 -14"><span class='ocrx_word' id='word_1_109' title='bbox 175 2607 456 2667; x_wconf 85' lang='lat' dir='ltr'>sanitatem,</span> <span class='ocrx_word' id='word_1_110' title='bbox 478 2617 585 2658; x_wconf 89' lang='lat' dir='ltr'>tum</span> <span class='ocrx_word' id='word_1_111' title='bbox 604 2627 776 2659; x_wconf 88' lang='lat' dir='ltr'>omnes</span> <span class='ocrx_word' id='word_1_112' title='bbox 797 2612 1077 2668; x_wconf 84' lang='lat' dir='ltr'>verborum,</span> <span class='ocrx_word' id='word_1_113' title='bbox 1099 2628 1272 2659; x_wconf 88' lang='lat' dir='ltr'>omnes</span> <span class='ocrx_word' id='word_1_114' title='bbox 1297 2618 1491 2660; x_wconf 88' lang='lat' dir='ltr'>senten-</span> 
     </span>
     <span class='ocr_line' id='line_1_21' title="bbox 176 2687 1490 2758; baseline 0.005 -23"><span class='ocrx_word' id='word_1_115' title='bbox 176 2687 353 2738; x_wconf 87' lang='lat' dir='ltr'>tiarum</span> <span class='ocrx_word' id='word_1_116' title='bbox 379 2691 606 2755; x_wconf 86' lang='lat' dir='ltr'>inligavit</span> <span class='ocrx_word' id='word_1_117' title='bbox 622 2693 833 2758; x_wconf 80' lang='lat' dir='ltr'>lepores.</span> <span class='ocrx_word' id='word_1_118' title='bbox 905 2694 1013 2742; x_wconf 89' lang='lat' dir='ltr'>Iam</span> <span class='ocrx_word' id='word_1_119' title='bbox 1031 2701 1081 2742; x_wconf 87' lang='lat' dir='ltr'>et</span> <span class='ocrx_word' id='word_1_120' title='bbox 1100 2694 1358 2758; x_wconf 88' lang='lat' dir='ltr'>politicam</span> <span class='ocrx_word' id='word_1_121' title='bbox 1387 2712 1490 2743; x_wconf 87' lang='lat' dir='ltr'>rem</span> 
     </span>
     <span class='ocr_line' id='line_1_22' title="bbox 176 2772 1492 2842; baseline 0.006 -24"><span class='ocrx_word' id='word_1_122' title='bbox 176 2777 226 2818; x_wconf 85' lang='lat' dir='ltr'>et</span> <span class='ocrx_word' id='word_1_123' title='bbox 270 2772 559 2825; x_wconf 84' lang='lat' dir='ltr'>historicam</span> <span class='ocrx_word' id='word_1_124' title='bbox 606 2785 658 2824; x_wconf 89' lang='lat' dir='ltr'>et</span> <span class='ocrx_word' id='word_1_125' title='bbox 700 2777 954 2841; x_wconf 85' lang='lat' dir='ltr'>poeticam</span> <span class='ocrx_word' id='word_1_126' title='bbox 998 2776 1247 2842; x_wconf 88' lang='lat' dir='ltr'>sapienter</span> <span class='ocrx_word' id='word_1_127' title='bbox 1298 2778 1492 2842; x_wconf 83' lang='lat' dir='ltr'>elegan-</span> 
     </span>
    </p>
   </div>
  </div>
 </body>
</html>
