1918 3254
538 305 638 341 PRO
664 305 802 342 REGE
825 305 1102 342 DEIOTARO.
1382 308 1474 351 135

240 402 565 451 ADFLICTUM
587 419 756 451 ILLUM
780 417 1089 452 QUIBUSDAM
1114 417 1470 452 INCOMMODIS.

236 485 374 532 Bene
393 485 570 532 minuit
594 485 823 533 iniuriam
840 485 977 548 regni
997 484 1286 542 amissionis,
1324 485 1469 534 cuius

169 582 286 614 eum
313 567 480 615 Caesar
502 575 640 631 parte
657 569 986 616 multaverat:
1026 569 1128 632 quo
1151 569 1468 617 extenuando

170 649 306 711 quod
329 666 509 712 passus
550 657 670 708 erat,
708 651 948 698 adimeret
976 651 1027 698 in
1065 651 1313 698 Caesarem
1352 650 1471 699 iusti

170 746 376 779 causam
401 732 604 790 doloris,
642 750 703 780 ex
728 749 830 796 qua
851 733 1040 781 insidiae
1074 740 1338 797 poterantg
1357 734 1473 781 obo-

169 811 269 861 riri.

235 893 589 944 ORNAMENTA
614 915 682 945 TU
704 913 822 945 IPSE
849 913 1090 945 PLURIMA
1113 914 1178 944 ET
1200 913 1436 946 MAXIMA.

234 975 353 1023 Non
376 985 494 1034 erat,
530 978 707 1046 inquit,
745 979 1021 1026 mirandum
1050 986 1238 1027 tantum
1263 979 1473 1028 auctori-

169 1055 287 1105 tatis
312 1058 550 1106 habuisse
572 1059 887 1122 Pompeium,
910 1061 995 1123 qui
1015 1078 1126 1109 cuin
1150 1061 1328 1110 divinis
1349 1080 1473 1126 prae-

168 1139 371 1187 celleret
409 1141 725 1198 ornamentis,
762 1141 913 1188 etiam
951 1142 1050 1189 tuis
1084 1145 1346 1191 instructas
1388 1152 1472 1192 est.

171 1219 295 1268 Vult
317 1228 481 1270 autem
505 1223 723 1285 intelligi,
760 1224 901 1286 quod
939 1240 1052 1270 eum
1092 1224 1262 1273 Caesar
1296 1226 1362 1273 ob
1399 1232 1475 1274 tot

170 1304 403 1368 exempla
421 1305 616 1353 virtutis
637 1306 873 1368 delegerit
891 1323 1143 1368 generum.
1197 1307 1476 1355 Ornamen-

168 1393 221 1433 ta
244 1386 394 1449 igitur
423 1387 474 1435 in
510 1388 810 1452 Pompeium
848 1389 1060 1446 conlata,
1101 1389 1228 1437 Filia
1262 1389 1473 1438 Caesaris

169 1467 494 1533 intelligenda
515 1470 625 1519 est.¹¹

237 1553 442 1608 QUALIS
481 1553 602 1602 REX
640 1553 1007 1602 ATTALUsilN
1047 1553 1106 1601 P.
1140 1554 1472 1603 AFRICANUM

171 1649 311 1682 FUIT.

238 1715 352 1764 Rex
385 1717 593 1766 Attalus
624 1717 827 1781 Populo
864 1733 1070 1766 romano
1107 1717 1355 1765 artissima
1388 1719 1480 1766 fuit

171 1797 410 1846 societate
435 1799 747 1857 coniunctus,
785 1817 949 1864 usque
973 1801 1114 1857 adeo,
1148 1806 1204 1847 ut
1223 1817 1338 1848 eum
1361 1818 1481 1865 quo-

172 1895 273 1942 que
310 1881 447 1942 regni
488 1881 566 1928 sui
605 1882 840 1928 heredem
888 1881 1073 1929 fecerit.
1145 1881 1289 1929 Idem
1328 1883 1480 1946 igitur

172 1963 482 2026 obpugnanti
518 1962 844 2010 Numantiam
885 1962 1109 2026 Scipioni
1147 1980 1247 2011 non
1284 1971 1480 2012 tantum

172 2061 202 2092 a
225 2045 412 2108 quibus
445 2045 701 2092 fulciretur
734 2043 855 2091 belli
878 2045 1150 2092 necessitas
1174 2045 1219 2092 in
1249 2046 1482 2110 Hispani-

160 2144 253 2193 am
290 2127 440 2184 misit,
487 2143 654 2175 verum
701 2126 847 2174 etiam
893 2127 1026 2174 dona
1064 2127 1315 2190 pretiosa:
1367 2146 1480 2191 quae

171 2208 385 2272 sumpsit
407 2209 660 2272 gratulans
694 2209 979 2259 Africanus.
1051 2209 1207 2272 Regis
1249 2209 1481 2259 Deiotari

171 2298 356 2338 tantam
389 2291 440 2338 in
482 2292 728 2339 Caesarem
769 2292 1125 2347 liberalitatem,
1164 2300 1392 2354 quantam
1429 2292 1480 2340 in

171 2372 468 2421 Africanum
488 2373 662 2431 Attali,
700 2373 853 2421 fuisse
877 2376 1150 2422 confirmat.

216 2555 233 2577 g
257 2551 346 2585 Cod.
360 2557 527 2597 poterunt.
544 2551 625 2593 Dic,
651 2550 679 2584 si
696 2551 805 2593 lubet,
825 2551 1007 2596 potuerint.

218 2595 233 2616 ¹²
257 2597 397 2641 Nempe
415 2597 518 2639 Iulia,
544 2609 651 2641 quam
666 2597 787 2631 Caesar
810 2598 878 2631 Gn.
896 2597 1066 2641 Pompeio
1083 2597 1279 2631 collocavit.
1326 2597 1372 2629 V.
1391 2597 1479 2631 Sue-

169 2642 308 2676 tonium
322 2644 360 2676 in
376 2643 509 2677 C'oesare
525 2654 601 2688 cap.
620 2653 698 2678 xxi.

217 2687 225 2708 ¹
249 2688 398 2722 Ursinus
414 2691 451 2722 in
466 2690 533 2722 hoc
563 2691 641 2723 loco
668 2690 850 2723 Ciceronis
866 2690 987 2723 mallet
1015 2688 1063 2736 τῷ
1098 2689 1238 2724 Attalus
1265 2689 1477 2723 substituere

170 2733 367 2776 Antiochus,
391 2736 450 2769 cui
466 2738 549 2769 sunt
564 2736 642 2770 haec
670 2748 692 2770 a
715 2737 819 2770 Livio
846 2736 1018 2780 (Epitom.
1052 2737 1158 2779 Lvn.)
1188 2735 1335 2779 aliisque
1363 2736 1478 2780 Scrip-

170 2780 304 2814 toribus
318 2781 461 2815 tributa.
508 2783 579 2816 Sed
596 2786 715 2816 tamen
738 2786 774 2816 et
800 2786 921 2816 textus
937 2782 1080 2818 Codicis
1101 2782 1212 2818 nostri
1229 2782 1313 2816 satis
1330 2781 1476 2826 antiqui,

171 2828 208 2861 et
222 2826 433 2863 Scholiastes
449 2829 656 2865 confirmant
670 2829 860 2864 lectionem
875 2828 1025 2865 Attalus.

1544 408 1641 442 Edit,

1546 454 1593 488 N.
1609 457 1643 489 8.

1536 895 1581 931 N.
1597 898 1648 931 12.

1538 1564 1584 1598 N.
1601 1566 1652 1599 19.
