1918 3254
640 486 1046 536 EDITORIS
1096 487 1162 538 M
1166 489 1278 539 ΟΝ
1277 492 1315 540 I
1317 491 1421 543 TU
1420 491 1488 543 M
1488 532 1497 543 .

1009 665 1136 674 -α

1009 675 1137 688 —

479 798 768 842 Omrmms
796 799 1078 843 TULLIANAE
1100 799 1153 840 de
1175 814 1260 841 aere
1282 799 1426 841 alieno
1446 798 1627 842 Milonis
1648 815 1729 843 non

420 874 538 915 modo
557 873 684 914 nulloe
706 873 895 929 reliquiae
916 875 972 915 ad
988 874 1092 915 hanc
1120 888 1249 929 usque
1270 875 1375 915 diem
1395 875 1576 930 cognitae
1596 880 1729 927 erant,

420 948 493 989 sed
509 962 559 988 ne
580 948 776 988 memoria
803 948 967 1003 quidem
1000 953 1229 1002 supererat.
1296 946 1477 988 Tantum
1503 961 1558 988 ex
1581 946 1732 1003 Argu·

419 1028 554 1062 mento
575 1020 751 1062 Asconii
781 1022 836 1060 ad
854 1021 1001 1061 editam
1023 1005 1304 1061 Milonianam
1325 1027 1499 1073 constat,
1522 1020 1730 1062 Milonem

420 1096 608 1151 ingentes
630 1095 1039 1149 largitionessecisse
1059 1100 1103 1134 ut
1121 1094 1380 1135 consulatum
1399 1101 1730 1150 consequeretur.

423 1169 451 1191 ‘⁶
471 1167 596 1210 Dum
617 1167 728 1208 Milo
761 1181 882 1223 quam
909 1168 1097 1222 primum
1120 1164 1298 1207 Comitia
1319 1165 1464 1223 confici
1482 1166 1617 1218 vellet,
1635 1181 1731 1208 con-

422 1243 689 1301 “ficeretque
708 1256 800 1282 cum
823 1243 1021 1282 bonorum
1043 1240 1203 1290 studiis,
1221 1239 1294 1294 qui
1305 1239 1554 1280 obsistebant
1573 1237 1732 1293 Clodio,

422 1317 451 1340 “
470 1322 557 1357 tum
595 1317 717 1356 etiam
757 1314 920 1370 populi,
970 1318 1144 1368 propter
1181 1312 1331 1369 effusas
1365 1311 1624 1367 largitiones,
1657 1314 1735 1354 im-

423 1389 451 1412 “
465 1401 618 1442 pensas
658 1402 821 1443 quoque
864 1387 1057 1427 ludorum
1103 1387 1372 1439 scenicorum,
1407 1400 1455 1427 ac
1486 1385 1736 1443 gladiatorii

423 1462 451 1484 “
471 1461 654 1501 muneris
688 1461 908 1511 maximas,
939 1460 983 1499 in
1013 1473 1115 1515 quas
1146 1461 1227 1500 tria
1254 1461 1513 1515 patrimonia
1542 1460 1735 1517 effudisse

422 1535 451 1558 ‘⁴
472 1548 564 1574 eum
589 1531 737 1574 Cicero
755 1531 1006 1589 significat?
1064 1531 1099 1575 I
1097 1539 1177 1575 tem
1199 1533 1379 1574 Milonis
1408 1534 1594 1574 damnati
1611 1539 1651 1574 et
1667 1547 1734 1574 ez·-

423 1607 518 1660 ulis,
550 1607 693 1649 scribit
723 1606 932 1648 Asconius
962 1607 1018 1647 ad
1045 1605 1169 1647 Orat.
1193 1620 1277 1662 pro
1308 1607 1410 1648 Mil.
1440 1621 1489 1662 p.
1516 1606 1599 1646 205
1629 1606 1737 1648 bona

423 1682 577 1722 veniise
609 1681 819 1721 semuncia
856 1684 1040 1735 propter
1068 1677 1199 1719 alieni
1240 1679 1340 1720 aeris
1378 1678 1734 1735 magnitudinem.

435 1752 485 1795 V.
508 1767 668 1808 quoque
692 1750 779 1794 Cic.
800 1765 866 1793 Π.
888 1752 943 1793 ad
959 1750 1090 1792 Attic.
1116 1749 1256 1806 Epist.
1278 1765 1321 1792 V.
1345 1752 1524 1793 Milonis
1544 1753 1735 1811 magnffi·

424 1827 600 1866 centiam
621 1840 838 1867 munerum
861 1825 1233 1879 liberalitatemque
1249 1831 1410 1865 naturoe
1427 1831 1574 1865 narrat
1591 1823 1737 1866 Cicero

426 1900 546 1940 etiam
569 1912 632 1940 11.
665 1901 721 1940 ad
740 1898 891 1941 Famil.
917 1897 1056 1954 Epist.
1079 1911 1148 1939 VJ.
1172 1903 1209 1938 et
1229 1897 1331 1939 Lib.
1354 1912 1420 1938 11.
1442 1899 1490 1939 de
1510 1898 1578 1954 ff
1599 1911 1734 1940 XVII.

433 1972 578 2022 Quare
607 1974 721 2014 haud
749 1974 933 2024 dubium,
965 1972 1079 2027 quin,
1111 1985 1238 2027 quum
1274 1972 1533 2012 consulatum
1559 1978 1737 2027 peteret,

426 2047 590 2101 ingenti
618 2060 702 2087 aere.
730 2046 866 2086 alieno
887 2045 1001 2086 Milo
1025 2052 1304 2100 premeretur.
1368 2044 1560 2086 Ceterum
1580 2046 1739 2088 occasio

427 2125 466 2159 et
486 2119 660 2160 materia
677 2117 894 2161 Orationis
908 2118 961 2160 de
983 2133 1068 2160 aere
1083 2117 1225 2159 alieno
1241 2118 1424 2160 Milonis
1437 2119 1588 2160 diserte
1604 2119 1738 2175 expli·

427 2200 575 2234 cantur
594 2194 637 2233 in
651 2192 693 2234 A
699 2199 931 2249 rgumento‚
949 2193 1061 2248 quod
1075 2194 1115 2233 ei
1131 2200 1269 2234 noster
1282 2192 1316 2234 I
1313 2199 1503 2248 nterpres
1511 2193 1738 2248 proeponit.

429 2264 523 2307 Nos
544 2267 680 2322 igitur
696 2266 818 2307 huius
841 2264 1057 2307 Orationis
1067 2265 1396 2323 Argumentum,
1419 2273 1459 2307 et
1479 2264 1736 2308 Commenta·

427 2341 539 2381 rium
559 2341 601 2380 in
621 2341 816 2393 eamdem,
847 2339 943 2381 licet
964 2354 1074 2395 soepe
1103 2340 1311 2392 mutilum,
1354 2353 1447 2380 cum
1478 2336 1739 2394 interspersis

430 2410 643 2454 Ciceronis
664 2412 917 2466 Particulis,
938 2427 1047 2454 nunc
1074 2414 1257 2469 primum
1277 2414 1449 2453 edimus.
1510 2411 1645 2453 Patet
1663 2426 1738 2454 au·

427 2491 508 2528 tem
528 2500 582 2528 ex
612 2487 701 2543 ipso
719 2486 986 2542 Argumento
1020 2501 1100 2542 quo
1129 2500 1237 2527 anno
1267 2487 1374 2527 dicta
1394 2487 1448 2526 sit
1473 2486 1560 2526 haec
1584 2483 1736 2538 Causa,

428 2573 573 2615 nempe
589 2575 696 2602 anno
719 2573 767 2603 U.
797 2576 837 2602 c.
857 2574 1018 2603 Dccn.
1036 2575 1116 2616 quo
1130 2561 1228 2601 item
1247 2573 1355 2600 anno
1375 2565 1415 2600 et
1438 2557 1607 2600 Clodius
1625 2559 1738 2600 dein·

428 2646 522 2688 ceps
542 2635 699 2675 occisus
719 2640 793 2689 est,
823 2640 863 2675 et
881 2635 1035 2688 scripta
1054 2634 1177 2674 etiam
1202 2646 1251 2673 ea
1279 2633 1459 2689 defensio
1479 2632 1659 2674 Milonis
1679 2633 1740 2674 in-

431 2707 660 2762 terfectoris
679 2720 774 2761 quae
790 2707 834 2747 in
858 2705 1125 2750 Editionibus
1143 2711 1275 2748 extat.
