1971 3263
11 101 14 107 .
9 52 24 78 ae.
9 0 30 42 ὃ

867 330 953 379 xiii

259 427 601 493 distinguitur.
639 430 775 478 Tum
815 429 993 478 Oratio
1027 446 1125 494 pro
1159 427 1348 476 Scauro
1370 427 1562 491 elegan-

256 511 461 558 tissimis
485 513 691 561 scholiis
732 512 963 577 stipatur,
1012 527 1227 576 quorum
1264 509 1362 558 alia
1384 509 1560 557 litteris

259 594 522 657 quadratis
560 594 914 643 vetustissimis
956 595 1051 641 etsi
1086 592 1442 641 minutioribus
1479 608 1562 639 ex-

256 683 396 723 arata
419 684 550 734 sunt,
576 677 675 724 alia
698 676 987 725 rudioribus
1013 675 1233 738 quidem,
1272 675 1360 722 sed
1385 675 1558 723 eadem

255 747 423 806 tannen
445 759 666 822 antiqua,
691 765 844 822 atque
868 759 931 806 ab
950 759 1142 815 eodem,
1183 763 1240 804 ut
1260 757 1408 820 plane
1429 757 1562 805 vide-

257 847 353 898 tur,
375 848 581 889 auctore
601 842 838 903 profecta.
894 840 1201 903 Scriptorem
1221 840 1400 887 horum
1417 841 1560 888 scho-

257 924 438 970 liorum
463 923 748 970 Asconium
787 923 1082 971 Paedianum
1117 922 1271 970 fuisse
1311 923 1558 986 suspicor.

257 1005 388 1052 Nam
414 1012 463 1052 et
486 1006 661 1067 stylus,
700 1012 750 1052 et
789 1005 1033 1053 naturalis
1075 1005 1278 1068 quidam
1323 1005 1474 1061 color,
1512 1012 1562 1053 et

255 1095 414 1135 totum
430 1103 586 1150 genus
604 1087 856 1135 scribendi
874 1088 920 1135 id
941 1087 1162 1136 indicare
1175 1087 1418 1137 videntur.
1440 1086 1563 1136 Por-

254 1184 311 1219 ro
337 1170 426 1233 qui
448 1171 739 1233 iampridem
765 1177 905 1218 extat
927 1170 1138 1219 Asconii
1160 1170 1560 1218 Commentarius

256 1254 304 1302 in
346 1252 639 1301 Orationem
676 1271 772 1316 pro
807 1253 1010 1311 Scuwo,
1051 1269 1151 1301 non
1186 1253 1335 1317 plane
1374 1252 1561 1312 integer

256 1352 368 1382 esse
390 1342 568 1398 potest,
606 1353 765 1398 quum
802 1336 913 1400 ipsa
937 1337 1114 1385 Oratio
1139 1353 1279 1401 paene
1302 1342 1407 1383 tota
1445 1344 1560 1383 ante

254 1424 476 1466 nostran]
501 1418 770 1465 editionem
794 1419 1180 1468 desideraretur.

319 1500 391 1547 Et
417 1501 593 1547 Codex
613 1501 819 1564 quidem
838 1500 887 1547 in
905 1501 1136 1563 praesenti
1157 1507 1234 1548 est
1256 1502 1424 1548 formae
1445 1517 1559 1563 quae

255 1583 440 1630 dicitur
463 1582 511 1628 in
536 1588 600 1629 8⁰.
644 1583 764 1644 quia
795 1583 1074 1630 monachus
1113 1583 1307 1631 Sedulii
1346 1583 1561 1647 scriptor

253 1665 372 1713 folia
408 1664 732 1728 complicuit:
770 1664 956 1728 quibus
988 1665 1167 1712 iterum
1194 1666 1459 1729 explicitis,
1493 1667 1559 1713 ad

253 1748 512 1812 antiquam
552 1748 758 1795 formam
799 1747 849 1794 in
883 1754 946 1796 4⁰.
986 1748 1112 1795 liber
1143 1748 1287 1795 redit.
1357 1748 1465 1796 Iam
1496 1765 1560 1796 ex

252 1831 328 1879 his
353 1831 485 1879 foliis
519 1831 587 1878 ita
610 1831 853 1878 restitutis
878 1848 967 1879 sex
993 1831 1180 1878 habent
1204 1838 1395 1894 partem
1438 1831 1563 1879 Ora-

250 1915 398 1962 tionis
414 1932 511 1978 pro
527 1914 715 1962 Scauro
735 1931 851 1961 cum
870 1914 1088 1971 scholiis,
1114 1914 1209 1961 tria
1227 1921 1276 1961 et
1295 1914 1559 1961 dimidium

241 2015 339 2062 pro
369 1998 551 2053 Tullio,
593 2014 750 2045 unum
777 2015 874 2060 pro
920 1998 1118 2044 Flacco.
1189 1997 1365 2044 Unum
1407 1996 1558 2044 etiam

250 2080 548 2143 particulam
601 2081 810 2127 exhibet
860 2079 1116 2127 Orationis
1167 2079 1416 2126 Tullianae
1460 2096 1557 2142 pro

251 2161 419 2218 Coelio,
457 2179 568 2225 quae
593 2179 750 2226 quum
772 2170 877 2210 tota
896 2164 960 2211 sit
977 2163 1128 2219 edita,
1167 2163 1289 2210 nihil
1313 2163 1460 2210 nobis
1485 2179 1557 2209 re-

247 2244 442 2308 liquum
477 2245 581 2300 fuit,
610 2245 702 2292 nisi
733 2253 789 2293 ut
813 2246 972 2292 varias
1002 2246 1198 2309 aliquot
1222 2245 1462 2292 lectiones
1494 2262 1557 2292 ex

248 2335 349 2375 tam
368 2327 574 2390 antiqua
591 2329 877 2375 membrana
900 2329 1250 2391 proferremus.
1321 2327 1429 2375 Iam
1454 2344 1557 2390 quo

248 2410 450 2457 definite
488 2410 675 2458 saeculo
719 2410 879 2474 prima
916 2410 1177 2457 Ciceronis
1219 2409 1471 2473 scriptura
1506 2410 1556 2456 in

248 2493 439 2542 Codice
464 2493 612 2540 fuerit
636 2500 858 2548 exarata,
893 2492 1007 2555 quis
1030 2492 1243 2540 indubia
1268 2492 1557 2539 coniectura

245 2575 576 2645 pronunciet?
646 2575 765 2639 Ipsa
790 2575 1038 2622 recentior
1074 2573 1271 2621 Sedulii
1305 2573 1557 2638 scriptura

246 2656 420 2705 miram
462 2657 596 2721 sapit
636 2657 1017 2720 antiquitatem:
1055 2662 1104 2704 et
1148 2663 1312 2703 tamen
1352 2657 1480 2704 inter
1504 2673 1560 2704 se

244 2747 490 2801 quantum
508 2740 581 2787 liae
601 2739 858 2787 differunt!
888 2739 997 2787 Nos
1021 2739 1285 2802 utriusque
1302 2739 1558 2803 specimen

246 2822 547 2869 coniunctim
573 2821 939 2877 exhibebimus,
964 2839 1026 2869 ex
1053 2839 1154 2885 quo
1182 2822 1339 2885 siquis
1368 2821 1559 2869 iudicet
