1918 3254
285 807 383 843 Edit.

278 855 324 889 N.
341 858 398 890 26.

277 1231 324 1267 N.
339 1235 396 1269 27.

455 273 520 317 622,
946 272 1048 307 PRO
1072 272 1286 310 ARCHIA.

455 385 698 418 PRETIUM
725 375 931 426 TRIBUI,
971 385 1066 417 sm)
1092 384 1158 417 EA
1193 385 1542 432 concIoNE,
1568 388 1775 424 NEQUID

456 468 655 501 POSTEA
684 468 997 500 SCRIBERET.

520 536 640 584 Non
664 535 829 599 potuit
852 535 1142 600 expressius
1165 535 1287 585 vitia
1310 542 1474 601 poetae
1499 538 1775 598 declarare,

454 634 607 681 quam
632 618 850 667 dicendo
875 620 1051 667 datum
1085 619 1161 667 illi
1182 635 1280 667 non
1305 620 1567 684 praemium
1590 621 1775 680 laudiS,

452 701 542 748 sed
567 702 851 749 mercedem
877 701 1075 751 silentii.

519 783 708 832 ETIAM
728 784 994 833 CORDUBAE
1012 801 1174 833 NATIs
1191 800 1381 834 POETIS
1399 801 1605 834 PINGUE
1626 801 1779 836 QUIN-

452 882 567 915 DAM
595 882 952 917 soNANTIBUS.

518 948 602 997 De
624 950 886 999 versiculis
921 968 1016 999 nec
1044 951 1244 1015 egregio
1269 951 1426 1009 cultu,
1451 969 1544 1000 nec
1580 969 1780 1000 amoena

448 1033 703 1091 varietate,
751 1049 844 1082 nec
886 1033 1220 1082 eminentibus
1265 1034 1435 1098 figuris
1475 1051 1677 1084 carmen
1710 1034 1780 1082 in-

451 1122 714 1166 structum»

517 1199 773 1249 DECIMUS
797 1216 1008 1250 QUIDEM
1035 1200 1293 1248 Eamus?

517 1283 619 1331 Hic
661 1283 853 1333 Brutus
894 1284 1151 1331 Gallaecus
1196 1280 1292 1329 fuit
1335 1284 1669 1344 cognomento
1710 1279 1777 1329 ob

447 1377 527 1413 res
551 1365 602 1412 in
639 1364 894 1429 Hispania
928 1380 1031 1414 non
1064 1364 1233 1413 minus
1270 1368 1472 1413 strenue
1500 1380 1657 1428 quam
1677 1363 1780 1412 feli-

448 1448 573 1496 citer
588 1454 757 1511 gestas
779 1486 789 1496 .
812 1485 824 1497 .
845 1447 973 1496 Eius
996 1447 1149 1495 etiam
1165 1446 1356 1496 nomini
1378 1445 1594 1496 dicatu-3¹²
1613 1452 1779 1511 poetae

446 1529 624 1593 tragici
646 1535 787 1578 extat
807 1529 951 1588 liber,
972 1529 1142 1578 cuius⁰
1164 1529 1411 1594 plurimos
1434 1546 1623 1587 versus,
1649 1545 1777 1593 quos

449 1610 718 1660 Saturnios
734 1610 752 1635 ‘¹
766 1612 1160 1676 appellaverunt,
1177 1611 1431 1662 vestibulo
1445 1611 1623 1676 templi
1641 1610 1781 1660 Mar·

445 1694 510 1742 tis
533 1693 893 1759 superscribsit
916 1695 1121 1744 Brutus.

493 1955 509 1972 ³
532 1952 695 1986 Velleius
719 1953 858 1986 Patere.
883 1952 964 1986 Lib.
991 1961 1030 1985 11.
1055 1962 1133 1996 cap.
1155 1960 1191 1985 v.
1217 1950 1286 1986 ait:
1311 1950 1334 1969 “
1350 1950 1449 1986 Ante
1472 1951 1618 1996 tempus
1641 1950 1776 1985 excisae

445 1998 469 2017 “
494 1998 704 2032 Numantiae
729 2000 901 2042 praeclara
916 1999 954 2032 in
978 1997 1159 2042 Hispania
1172 1997 1300 2031 militia
1323 1997 1370 2033 A.
1394 1998 1499 2031 Bruti
1513 1997 1603 2033 suit:
1629 1998 1702 2042 qui,
1717 2008 1779 2041 pe-

446 2046 468 2063 “
492 2046 640 2079 netratis
657 2045 823 2078 omnibus
849 2044 1038 2088 Hispaniae
1055 2044 1234 2087 gentibus,
1258 2043 1396 2088 ingenti
1411 2045 1446 2078 vi
1469 2044 1657 2078 hominum
1680 2044 1778 2078 urbi-

446 2093 468 2109 “
493 2103 626 2135 umque
657 2091 799 2136 potitus
820 2099 981 2133 numero,
1006 2090 1111 2124 aditis
1136 2101 1218 2135 quae
1243 2092 1306 2124 vix
1330 2091 1453 2124 audita
1483 2093 1595 2134 erant,
1632 2089 1779 2124 Galloeei

445 2139 468 2155 ‘⁴
488 2148 625 2172 -nomen
653 2138 815 2171 meruit.”
876 2139 984 2171 Porro
1016 2148 1078 2182 pro
1109 2137 1156 2171 A.
1182 2136 1294 2171 Bruti
1317 2138 1511 2181 legendum
1535 2147 1614 2170 esse
1638 2136 1778 2171 Decimi

446 2183 569 2225 Bruti,
586 2184 816 2218 vehementer
841 2185 1014 2218 affirmant
1037 2183 1216 2217 Paterculi
1240 2184 1451 2228 interpretes
1468 2194 1620 2228 quorum
1635 2185 1778 2217 senten-

445 2232 532 2265 tiam
550 2231 677 2265 Codex
692 2232 801 2264 etiam
814 2234 934 2264 noster
950 2241 1071 2264 veram
1088 2241 1166 2264 esse
1184 2231 1417 2265 demonstrat.

460 2281 462 2284 '
491 2276 506 2298 ¹2
531 2278 673 2311 Locum
690 2277 933 2311 oblitteratum
947 2277 1108 2322 reparavi
1123 2277 1231 2311 verbo
1244 2277 1385 2312 dicatus.

492 2329 506 2345 ⁰
532 2325 622 2358 Cod.
662 2324 708 2358 ui.

491 2370 507 2391 ¹¹
533 2337 692 2412 Quingm
718 2371 764 2404 sit
777 2381 900 2405 versus
925 2370 1114 2404 Saturnius
1139 2370 1297 2404 declarat
1320 2368 1500 2404 Asconius
1517 2368 1563 2403 ad
1587 2367 1670 2403 Act.
1690 2370 1721 2403 1.
1736 2368 1776 2402 in

445 2416 549 2452 Vcrr,
566 2429 600 2462 p.
614 2420 735 2453 54-55.
785 2417 984 2461 Antiquum
1003 2417 1122 2451 Naevii
1139 2420 1210 2452 est:

759 2464 850 2497 Fato
865 2464 1008 2498 Metelli
1025 2464 1152 2497 Romae
1169 2465 1259 2497 fiunt
1273 2463 1457 2497 Consules.

445 2510 515 2544 Cui
533 2512 617 2544 tunc
635 2511 808 2544 Metellus
835 2511 970 2543 Consul
986 2511 1096 2543 iratus
1112 2521 1217 2544 versu
1237 2510 1470 2555 responderat
1495 2507 1632 2542 senario
1648 2508 1776 2553 hyper-

444 2558 632 2601 catalecto,
650 2558 710 2602 qui
728 2561 763 2590 et
781 2557 968 2590 Saturnius
985 2557 1134 2590 dicitur:

734 2604 886 2637 Dabunt
901 2604 1038 2637 malum
1054 2602 1196 2637 Metelli
1209 2601 1339 2636 Naevio
1356 2602 1486 2644 poetae.

444 2649 573 2684 Horat.
592 2651 672 2684 Lib.
688 2654 723 2685 2.
737 2651 806 2693 Ep.
827 2653 856 2684 l.
874 2661 906 2684 v,
925 2653 1003 2684 157.
1051 2651 1073 2667 “
1087 2649 1146 2682 Sic
1162 2648 1323 2682 horridus
1339 2647 1397 2680 ille
1423 2647 1587 2682 Dessuxit
1602 2658 1772 2681 numerus

443 2697 466 2713 “
492 2696 710 2730 Saturnius.⁷'
749 2697 798 2730 Et
810 2697 939 2730 Festus
951 2696 988 2729 in
1000 2695 1150 2730 Saturno
1163 2710 1173 2734 ,-
1195 2697 1216 2712 “
1231 2695 1367 2728 Versus
1381 2694 1628 2738 antiquissimi,
1644 2694 1774 2738 quibus

443 2742 467 2762 “
491 2742 639 2778 Faunus
656 2744 729 2777 sata
745 2743 916 2778 cecinisse
931 2743 1135 2778 hominibus
1151 2742 1302 2786 videtur,
1319 2741 1476 2776 Saturnii
1492 2740 1750 2787 appellantur.''
