1918 3254
254 1253 350 1288 Edit.

243 1301 287 1333 N.
307 1304 361 1335 86.

427 328 520 380 114
891 329 992 366 Pno
1017 330 1254 366 PLANClo.

423 420 873 473 CONSULATU
911 420 1169 469 GESTIS
1195 420 1397 469 miserat
1422 420 1634 470 Ciceroa
1651 419 1739 468 alia

421 512 625 570 quantO,
663 511 722 552 ut
743 504 1019 562 videbatur,
1056 503 1639 561 insolentiusscribtam,
1677 511 1735 551 ut

422 587 634 652 Pompei
654 587 971 636 stomachum
991 603 1090 636 non
1117 586 1432 635 mediocriter
1459 603 1736 636 commove-

418 676 516 719 ret:
556 672 924 735 quodqnadam
940 670 1232 735 superbiore
1247 669 1485 718 iactantia
1500 669 1734 718 omnibus

420 770 473 801 se
505 753 737 816 gloriosis
769 754 989 802 ducibus
1014 760 1359 817 anteponeret.
1431 752 1547 800 Hoc
1583 752 1737 814 igitur

419 836 527 884 vult
541 853 654 883 esse
673 844 959 899 purgatum,
981 836 1156 884 dicens
1180 835 1437 884 nuntiasse
1454 834 1570 883 .Gn.
1587 833 1739 882 Pom-

416 918 530 982 peio
553 918 725 982 patriae
765 918 1213 976 conservationem,
1253 934 1347 966 nec
1384 917 1651 965 inscienter
1673 913 1738 965 de

418 1001 687 1065 semetipso
710 1001 998 1064 gloriatum.
1066 999 1386 1048 Obfueruntb
1409 1006 1576 1048 autem
1606 1016 1739 1048 reve-

417 1101 504 1133 ra:
541 1102 658 1132 nam
686 1084 756 1132 sic
779 1085 1014 1132 effectum
1036 1090 1129 1141 est,
1166 1089 1222 1130 ut
1253 1083 1298 1131 ei
1325 1083 1600 1147 Pompeius
1623 1098 1737 1131 con-

418 1174 495 1215 tra
520 1168 822 1216 Clodianam
848 1167 942 1214 vim
963 1182 1061 1215 non
1082 1166 1500 1230 patrocinaretur.
1738 1157 1746 1163 “

484 1251 719 1305 QUORUM
758 1265 935 1298 ALTER
975 1263 1289 1297 EXERCITUM
1329 1263 1612 1306 PERDIDIT,
1651 1264 1737 1296 AL-

415 1322 519 1382 TER
557 1345 849 1382 VENDIDIT.
1194 1387 1197 1395 Ι

480 1403 613 1463 Ρὰει
654 1414 930 1463 Ciceronz's‘
972 1415 1260 1480 perniciem,
1302 1415 1503 1479 favente
1528 1414 1741 1464 Clodio·

416 1499 640 1548 Tribzmo
666 1499 747 1563 pl.
773 1500 942 1547 sortiti
976 1507 1087 1546 sunt
1124 1497 1418 1547 Provincias
1456 1497 1585 1545 Piso
1622 1495 1734 1544 Ma-

413 1582 695 1639 cedoniam,
742 1581 995 1630 Gabinius
1050 1580 1264 1644 Syriam.
1337 1579 1442 1628 Sed
1494 1579 1577 1627 hic
1620 1579 1735 1626 alte-

408 1683 518 1713 rum
551 1664 834 1713 exercitum
881 1664 1133 1728 perditum
1184 1682 1213 1712 a
1263 1662 1466 1719 Pisone,
1521 1661 1730 1708 alterum

410 1747 688 1796 a‘Gabinio
719 1747 916 1796 venisse
952 1747 1228 1810 significat:
1265 1744 1459 1792 scilicet
1489 1743 1632 1807 quod
1661 1760 1733 1791 re-

457 1946 472 1962 a
498 1941 606 1975 Hanc
620 1950 763 1984 quoque
777 1938 922 1981 longam
939 1937 1123 1972 Ciceronis
1140 1937 1342 1982 Epistulam
1357 1937 1438 1981 (seu
1457 1937 1658 1982 Epistolam
1674 1949 1731 1972 ve-

410 1990 485 2022 tere
500 1987 766 2030 orthographia)
777 1986 906 2018 iniuria
919 1988 1121 2028 temporum
1139 1985 1341 2019 amisimus:
1360 1985 1423 2018 sed
1436 1985 1513 2018 eius
1530 1987 1625 2018 certe
1639 1986 1730 2018 noti-

411 2034 497 2068 tiam
513 2045 559 2067 ex
570 2036 690 2066 nostro
707 2032 906 2075 Interprete
920 2031 1114 2065 haurimus.
1163 2028 1296 2064 Exstat
1310 2032 1452 2064 tantum
1465 2028 1580 2064 brevis
1591 2031 1733 2065 Cicero-

410 2081 466 2114 nis
480 2079 643 2124 Epistola
668 2079 715 2111 ad
740 2078 952 2122 Pompeium
968 2078 1043 2121 (lib.
1059 2088 1091 2111 V.
1107 2076 1207 2120 epist.
1231 2086 1297 2111 vn.
1313 2077 1361 2110 ad
1375 2077 1519 2121 Famil.)
1536 2088 1607 2122 qua
1633 2077 1667 2111 ei
1690 2078 1727 2111 in

410 2127 499 2160 Asia
516 2125 652 2169 digenti
668 2125 867 2168 gratulatur
895 2124 940 2158 de
966 2123 1178 2157 Mithridate
1199 2123 1306 2165 victo,
1330 2127 1367 2157 et
1394 2124 1500 2157 simul
1515 2124 1732 2168 expostulat,

410 2173 507 2215 quod
524 2173 560 2205 in
578 2172 702 2205 litteris
719 2179 808 2215 quas
824 2171 871 2204 ad
888 2181 926 2204 se
942 2170 1106 2211 misisset,
1130 2170 1263 2203 nullam
1278 2170 1345 2204 sibi
1359 2180 1477 2204 rerum
1494 2173 1619 2204 contra
1634 2171 1731 2204 Cati-

409 2219 519 2253 linam
535 2219 572 2251 in
593 2229 657 2251 suo
675 2218 862 2259 consulatu
879 2220 1060 2260 gestarum
1077 2217 1352 2260 gratulationem
1375 2217 1619 2260 significasset.
1667 2216 1732 2250 Ni-

410 2266 539 2299 mirum
553 2264 745 2309 Pompeius
755 2263 907 2308 priorem
921 2264 1019 2298 iiiam
1037 2263 1219 2306 Ciceronis
1234 2263 1423 2307 gloriosam
1440 2263 1640 2307 Epistoiam
1655 2273 1731 2297 mo-

410 2313 499 2346 leste
516 2312 643 2353 ἵει-8115,
661 2314 697 2344 et
711 2311 816 2344 simul
832 2310 942 2344 etiam
958 2310 1116 2343 eiusdem
1134 2310 1254 2353 gloriae
1272 2309 1504 2343 subinvidens
1519 2309 1631 2354 (Vide
1647 2319 1669 2343 1.
1683 2310 1730 2343 ad

411 2358 522 2392 Attio.
539 2358 641 2402 epist.
658 2356 753 2399 xlv.)
770 2356 893 2399 frigide
908 2356 1102 2390 admodum
1119 2358 1198 2389 tum
1221 2355 1461 2400 responderat,
1486 2358 1523 2389 et
1538 2357 1676 2390 nullum
1696 2357 1728 2389 ei

411 2405 579 2448 deinceps
602 2407 726 2437 contra
741 2403 951 2437 Clodianam
970 2403 1040 2437 vim
1060 2403 1296 2447 patrocinium
1315 2402 1489 2436 exhibuit.
1536 2402 1662 2436 Cicero
1679 2405 1730 2436 ta-

410 2461 494 2484 men
509 2460 547 2484 n.
565 2450 717 2494 Philipp.
735 2460 812 2493 cap.
832 2459 866 2483 v.
879 2450 946 2484 ait:
966 2451 986 2468 “
1004 2449 1169 2483 Maxime
1186 2456 1268 2483 vero
1282 2449 1508 2482 consulatum
1523 2459 1642 2482 meum
1658 2448 1726 2482 Gn.

410 2499 432 2515 “
450 2497 643 2541 Pompeius
654 2496 835 2541 probavit:
862 2496 924 2540 qui
939 2498 981 2529 ut
998 2506 1056 2529 me
1081 2496 1235 2540 primum
1251 2496 1430 2530 decedens
1450 2505 1498 2528 ex
1513 2495 1613 2537 Syria
1628 2495 1729 2536 vidit,

411 2544 432 2562 “
451 2544 660 2587 complexus
675 2546 712 2576 et
731 2543 925 2586 gratulans,
940 2553 1022 2576 meo
1046 2542 1220 2576 beneficio
1237 2542 1387 2586 patriam
1411 2553 1448 2575 se
1469 2541 1630 2575 visurum
1651 2551 1729 2575 esse

411 2592 432 2608 ‘⁶
450 2589 575 2625 dixit?
622 2589 731 2630 Quod
746 2589 775 2622 si
791 2599 873 2623 vere
891 2591 1012 2623 narrat
1033 2589 1171 2629 Cicero,
1195 2589 1233 2621 id
1256 2600 1277 2621 a
1293 2587 1465 2631 Pompeio
1483 2587 1729 2622 stomachante

411 2636 495 2670 lieet
513 2635 695 2670 Ciceronis
708 2635 928 2678 iactantiam,
953 2638 1017 2669 aut
1031 2635 1138 2668 etiam
1155 2635 1277 2679 gloriae
1289 2635 1367 2668 eius
1381 2635 1433 2668 iux
1441 2634 1577 2678 idente,
1590 2634 1731 2668 urbani-

412 2682 497 2716 tatis
514 2685 634 2715 tamen
651 2692 761 2715 causa
778 2682 913 2716 factum
929 2681 1005 2716 fuit.

458 2728 473 2748 ¹⁵
499 2729 637 2772 Nempe
654 2728 783 2761 litterae
799 2729 844 2761 ad
858 2729 1065 2772 Pompeium
1086 2727 1213 2761 missae.

412 2821 431 2855 b
458 2779 472 2795 ⁰
495 2775 619 2809 Locus
634 2775 745 2855 ςῗωίο
757 2775 993 2810 oblitteratior
1003 2775 1041 2810 in
1054 2774 1187 2810 Codice
1206 2774 1256 2809 sic
1274 2774 1403 2810 habet:
1423 2773 1549 2809 Didas
1565 2799 1572 2808 .
1599 2799 1608 2808 .
1635 2798 1642 2807 .
1660 2772 1732 2807 G«-

434 2822 502 2856 im'o
519 2847 528 2856 .
554 2847 561 2856 .
589 2847 596 2855 .
615 2821 713 2855 code·
732 2847 740 2856 .
766 2847 774 2855 .
800 2847 811 2857 .
