1918 3254
434 270 497 314 32
859 269 929 304 DE
965 270 1084 304 AERE
1121 270 1318 308 ALIENo

433 384 568 415 inum
594 369 741 430 longe
761 366 924 413 minus
944 383 1094 430 quam
1121 367 1327 417 haberet
1343 369 1453 418 aeris
1473 370 1619 418 alieni
1638 388 1747 420 esse

434 451 728 513 professum.
799 446 933 496 Nam
972 450 1252 497 sestertium
1289 453 1543 516 sexagies⁵
1565 452 1615 500 in
1650 470 1748 501 aere

434 532 594 578 alieno
619 547 672 578 se
694 530 878 578 habere
903 533 1160 595 professus
1197 531 1325 581 Milo
1365 536 1643 583 secundum
1668 553 1746 583 ve-

432 620 586 660 terem
604 613 1016 661 consuetudinem
1036 615 1212 662 fuerat.
1254 614 1381 663 Cum
1399 616 1548 678 igitur
1564 618 1748 666 obnixe

433 695 757 741 contenderet
794 694 1005 742 Clodius
1031 682 1140 744 *non
1180 704 1413 761 oportere
1449 699 1532 762 qui
1567 717 1747 764 magno

431 793 527 829 aere
564 776 724 824 alieno
761 777 1090 826 defaeneratus
1127 782 1311 844 praedae
1335 782 1587 830 videretur
1611 783 1750 831 habi-

429 866 574 907 turus
599 876 708 908 esse
739 877 911 924 remp„
950 863 1257 912 contradixit
1290 865 1397 912 eius
1434 865 1751 914 insectationi

432 942 523 990 .M.
550 943 742 1001 Cicero,
769 945 858 1009 qui
877 945 1209 994 familiaritate
1229 946 1488 1011 praecipua
1506 947 1751 996 Milonem

430 1025 672 1090 diligebat
695 1028 759 1074 ob
786 1028 833 1074 id
872 1028 1091 1075 maxime
1115 1029 1360 1087 meritum,
1387 1031 1528 1094 quod
1556 1030 1750 1078 restitu-

429 1109 615 1157 tionem
641 1127 744 1157 suae
771 1110 1026 1173 dignitatis
1060 1112 1122 1159 ab
1148 1112 1324 1159 eodem
1360 1113 1561 1160 tribuno
1583 1113 1749 1176 plebis

428 1192 720 1240 meminerat
743 1193 984 1241 adiutam.
1056 1193 1304 1248 Quamtob
1327 1201 1494 1242 autem
1525 1195 1644 1242 odio
1667 1195 1751 1241 ha-

428 1274 594 1322 buerit
619 1274 694 1322 .P.
724 1274 962 1322 Clodium
997 1275 1096 1322 iam
1120 1281 1434 1339 compertum
1459 1281 1534 1323 est
1558 1293 1621 1324 ex
1645 1291 1750 1324 ora·-

429 1356 651 1404 tionibus
675 1357 810 1403 illius
845 1357 1093 1420 plurimis,
1119 1357 1303 1420 quibus
1328 1357 1435 1405 eius
1470 1357 1622 1406 vitam
1646 1376 1750 1408 mo-

427 1454 609 1502 resque
628 1438 904 1486 dilacerat.c
975 1438 1060 1486 Ex
1079 1438 1241 1501 iurgio
1263 1439 1435 1503 itaque
1459 1441 1598 1503 quod
1621 1440 1748 1489 inter

429 1537 481 1568 se
505 1526 762 1568 moverant
785 1520 942 1568 oratio
966 1520 1064 1568 ista
1087 1521 1370 1586 composita
1390 1528 1480 1580 est,
1507 1523 1651 1571 cuius
1675 1523 1747 1571 in—

429 1604 718 1668 scriptionis
752 1603 971 1661 titulum,
996 1603 1288 1667 priusquam
1315 1605 1638 1653 commentari
1660 1607 1750 1653 ad-

429 1686 642 1749 grediar,
669 1685 1046 1749 explanandum
1081 1693 1235 1751 puto:
1272 1704 1373 1735 non
1398 1688 1462 1735 ab
1496 1704 1548 1735 re
1583 1688 1750 1736 existi-

428 1785 569 1816 mans
595 1770 819 1817 futurum
842 1768 1025 1816 nostris
1054 1768 1342 1827 lectoribus,
1367 1769 1408 1816 si
1431 1770 1668 1818 orationis
1691 1771 1749 1819 ti-

427 1852 589 1900 tulum
623 1868 724 1900 non
757 1851 963 1900 indocte
1004 1853 1368 1917 perspexerint.
1439 1853 1643 1917 Quippe
1678 1854 1749 1901 in-

429 1935 665 1983 scribitur
693 1934 1108 1982 INTERROGATIO
1145 1951 1212 1983 m:
1249 1951 1366 1983 AERE
1403 1951 1606 1984 ALIENO
1643 1936 1748 1984 M1-

429 2033 604 2066 LONIS.
674 2017 1088 2080 Interrogationis
1113 2024 1280 2066 autem
1305 2034 1401 2066 non
1429 2036 1528 2067 una
1552 2019 1746 2083 species

429 2107 546 2157 erat,
573 2100 664 2146 sed
689 2098 823 2146 varia
842 2117 852 2147 ε
890 2105 947 2146 ut
970 2100 1069 2148 alia
1089 2101 1389 2169 significaret
1408 2102 1746 2151 accusationis

430 2181 881 2239 denunciationem,
937 2183 1102 2246 qualis
1160 2184 1248 2232 illa
1304 2185 1612 2250 praescribtio
1668 2193 1748 2233 est

428 2264 667 2313 orationis
705 2264 829 2321 eius,
869 2281 972 2329 qua
1008 2282 1131 2314 usus
1177 2266 1268 2316 fuit
1288 2267 1339 2315 in
1371 2285 1486 2316 eum
1515 2267 1590 2316 .P.
1632 2267 1746 2316 Clo-

429 2347 543 2395 dius
567 2364 671 2396 cum
694 2347 889 2411 legibus
918 2347 1287 2413 interrogasset.
1357 2350 1577 2415 Legibus
1615 2351 1744 2400 enim

475 2544 488 2560 ²
511 2540 711 2575 Sestenium
725 2541 885 2589 sexagies,
899 2544 995 2578 valet
1018 2543 1124 2577 libras
1148 2543 1294 2587 gallicas
1320 2546 1505 2584 1‚200‚000
1530 2554 1659 2588 nempe
1681 2555 1744 2578 au·-

427 2597 505 2620 reos
514 2591 661 2621 venetos
671 2589 809 2622 circiter
821 2593 978 2631 100,000.
990 2590 1084 2624 Vide
1097 2589 1212 2624 Rome
1223 2590 1268 2623 de
1279 2590 1372 2624 l'Isle
1386 2589 1606 2636 BIetrologie,
1616 2601 1649 2635 p.
1665 2594 1742 2636 1517.

474 2631 488 2652 ¹²
511 2633 569 2667 Ita
586 2635 712 2668 Codex
728 2642 873 2680 quamto.

473 2684 488 2699 ⁶
511 2679 606 2713 Vide
629 2683 846 2725 superiorem
871 2682 1079 2717 Orationem
1094 2682 1132 2716 in
1147 2681 1314 2717 Clodium
1336 2685 1373 2716 et
1391 2682 1583 2717 Curionem
1601 2696 1621 2716 a
1639 2682 1741 2716 nobis

426 2724 577 2759 editam:
613 2729 689 2760 tum
711 2739 775 2773 pro
801 2727 914 2762 Domo
935 2740 1007 2770 sua,
1030 2729 1071 2763 de
1095 2729 1326 2775 Haruspicum
1342 2729 1449 2774 Resp.
1470 2741 1537 2774 pro
1562 2729 1644 2764 Mil.
1692 2729 1738 2763 In

427 2770 502 2805 aliis
518 2771 625 2806 ctiam
643 2784 736 2818 saepe
753 2774 847 2808 hunc
865 2785 968 2809 suum
985 2775 1166 2810 inimicum
1183 2776 1295 2820 carpit
1311 2775 1448 2811 Cicero.
