1971 3263
450 312 481 356 6
966 310 1212 346 Em'roms

448 425 540 464 vos,
572 410 730 466 inquit,
759 407 1009 465 praesidium
1039 423 1067 450 a
1096 409 1222 450 nobis
1251 410 1568 465 postulabatis?
1607 425 1680 464 an,
1707 423 1763 454 ne

447 483 611 525 nummi
632 482 754 525 vobis
771 481 1063 538 eriperentur,
1079 482 1295 525 timebatis
1314 486 1328 524 ?
1360 485 1526 540 Habes,
1540 491 1589 528 ut
1603 484 1766 529 brevis-

448 557 553 597 sime
589 556 729 612 potui,
769 570 906 612 genus
943 555 1107 608 iudicii,
1145 561 1189 598 et
1226 571 1422 600 caussam
1463 559 1764 602 absolutionis.

448 630 618 681 Quaeris
639 629 858 686 deinceps,
878 631 953 687 qui
975 646 1089 673 nunc
1109 631 1166 673 sit
1187 637 1324 677 status
1345 633 1454 689 reip.
1477 640 1521 675 et
1535 635 1612 691 qui
1630 647 1766 676 meus.

447 703 579 760 Reip.
603 709 760 745 statum
782 704 922 756 illum,
943 719 1072 761 quem
1104 711 1152 748 tu
1174 721 1270 748 meo
1290 706 1486 759 consilio,
1509 721 1591 763 ego
1621 706 1768 749 divino

446 777 748 818 confirmatum
771 778 990 834 putabam,
1008 779 1083 834 qui
1104 780 1317 821 bonorum
1345 779 1536 821 omnium
1566 779 1769 821 coniunc-

445 851 581 903 tione,
615 856 659 892 et
690 852 952 894 auctoritate
974 853 1225 895 consulatus
1247 853 1331 894 mei
1352 853 1481 906 fixus,
1503 857 1548 894 et
1566 851 1770 894 fundatus

445 924 693 978 videbatur,
715 926 798 967 nisi
822 926 920 982 quis
941 941 1018 967 nos
1040 926 1144 968 deus
1165 927 1424 984 respexerit,
1446 926 1642 983 elapsum
1662 925 1771 968 scito

447 1012 541 1040 esse
563 998 617 1039 de
638 1000 837 1041 manibus
858 1014 945 1040 uno
965 1000 1047 1040 hoc
1075 999 1260 1050 iudiciog
1294 999 1330 1040 si
1361 999 1568 1041 iudicium
1595 1003 1674 1052 est,
1695 998 1773 1041 tri-

446 1071 569 1128 ginta
599 1073 796 1114 homines
828 1073 980 1129 populi
1013 1073 1071 1122 R.
1103 1072 1360 1127 levissimos,
1392 1086 1442 1113 ac
1471 1072 1770 1128 nequissimos,

445 1145 682 1186 nummulis
713 1146 916 1202 acceptis,
948 1147 1029 1199 ius,
1054 1152 1099 1187 et
1130 1147 1193 1188 fas
1223 1161 1350 1187 omne
1381 1145 1542 1198 delere,
1574 1150 1632 1198 et,
1653 1145 1773 1201 quod

447 1232 595 1259 omnes
617 1233 702 1260 non
721 1219 847 1260 modo
866 1219 1073 1272 homines,
1091 1234 1243 1260 verum
1260 1219 1389 1260 etiam
1407 1217 1594 1273 pecudes
1611 1218 1771 1260 factum

447 1306 541 1332 esse
563 1292 771 1339 sciebant,
794 1292 838 1331 id
860 1292 1064 1344 Talnam,
1082 1297 1127 1333 et
1143 1292 1364 1344 Plautum,
1387 1296 1431 1332 et
1453 1290 1705 1347 Spongiam,
1727 1296 1773 1333 et

448 1369 616 1406 ceteras
642 1363 889 1405 huiusmodi
910 1364 1171 1420 quisquilias
1199 1370 1406 1417 statuere,
1435 1378 1657 1420 nunquam
1678 1378 1773 1407 esse

447 1438 623 1479 factum.
648 1437 723 1477 sed
753 1444 898 1477 tamen
921 1443 968 1478 ut
986 1443 1029 1478 te
1051 1436 1104 1478 de
1133 1452 1226 1493 rep.
1255 1437 1482 1488 consoler;
1520 1437 1701 1492 nonita,
1723 1443 1774 1480 ut

449 1516 682 1567 sperarunt
714 1511 831 1564 mali,
863 1516 986 1552 tanto
1016 1511 1220 1567 imposito
1251 1511 1361 1568 reip.
1389 1511 1588 1565 vulnere,
1617 1510 1773 1553 alacris

449 1585 621 1627 exultat
653 1585 908 1640 improbitas
932 1585 976 1626 in
996 1584 1194 1626 victoria.
1217 1599 1315 1626 nam
1351 1585 1481 1641 plane
1513 1585 1575 1626 ita
1594 1589 1774 1641 putave-

447 1664 566 1712 runt,
588 1673 683 1699 cum
707 1659 878 1714 religio,
900 1674 995 1700 cum
1017 1658 1241 1714 pudicitia,
1255 1673 1351 1699 cum
1373 1658 1632 1699 iudiciorum
1649 1657 1772 1713 fides,

449 1747 546 1774 cum
567 1738 741 1773 senatus
760 1731 1000 1772 auctoritas
1025 1731 1298 1782 concidisset,
1319 1732 1426 1784 fore,
1450 1736 1497 1772 ut
1516 1735 1666 1787 aperte
1685 1731 1772 1773 vic-

448 1805 539 1847 trix
554 1805 765 1861 nequitia,
781 1819 830 1845 ac
846 1804 984 1846 libido
1000 1819 1147 1861 poenas
1161 1805 1215 1845 ab
1232 1804 1398 1861 optimo
1410 1819 1585 1861 quoque
1602 1809 1774 1861 peteret

450 1878 518 1920 sui
539 1878 716 1930 doloris,
737 1893 865 1934 quem
893 1877 1210 1934 improbissimo
1228 1878 1387 1933 cuique
1418 1878 1635 1919 inusserat
1654 1892 1775 1920 seve-

449 1951 557 1994 ritas
586 1951 837 1992 consulatus
868 1951 966 1991 mei.
996 1950 1109 1991 idem
1140 1965 1222 2007 ego
1256 1950 1347 2001 ille,
1379 1954 1486 2001 (non
1520 1951 1635 1993 enim
1669 1951 1774 1993 mihi

449 2025 604 2067 videor
624 2024 863 2065 insolenter
883 2023 1075 2078 gloriari,
1100 2038 1196 2064 cum
1219 2023 1272 2064 de
1293 2038 1361 2064 me
1391 2023 1509 2079 apud
1528 2028 1572 2065 te
1601 2023 1772 2080 loquor,

452 2100 497 2141 in
517 2114 569 2140 ea
601 2097 827 2154 presertim
860 2096 1061 2150 epistola,
1092 2111 1221 2152 quam
1252 2096 1355 2137 nolo
1386 2096 1485 2137 aliis
1515 2097 1624 2153 legi)
1645 2096 1775 2150 idem,

452 2173 644 2229 inquam,
667 2185 750 2227 ego
771 2170 968 2211 recreavi
989 2169 1170 2211 afflictos
1191 2169 1357 2210 animos
1374 2170 1603 2223 bonorum,
1625 2184 1777 2212 unum-

453 2260 671 2302 quemque
692 2244 969 2296 confirmans,
984 2249 1026 2284 et
1040 2243 1251 2284 excitans.
1274 2242 1537 2284 insectandis
1557 2258 1676 2297 ver0,
1698 2258 1776 2286 ex-

453 2317 759 2375 agitandisque
804 2316 1057 2358 nummariis
1096 2316 1326 2366 iudicibus,
1367 2330 1535 2357 omnem
1575 2316 1785 2367 omnibus,

455 2392 674 2444 studiosis,
693 2406 743 2433 ac
760 2391 1004 2432 fautoribus
1021 2390 1142 2431 illius
1161 2389 1355 2432 victoriae
1379 2389 1596 2442 παῤῥησιάν
1616 2389 1773 2446 eripui.

455 2466 663 2508 Pisonem
685 2480 769 2506 cos.
802 2464 925 2505 nulla
954 2464 997 2505 in
1018 2479 1064 2505 re
1094 2463 1328 2504 consistere
1359 2476 1549 2518 unquam
1569 2477 1662 2504 sum
1680 2478 1778 2520 pas-

456 2554 527 2581 sus
545 2556 555 2579 t
590 2539 844 2595 desponsam
879 2538 1042 2579 homini
1063 2538 1147 2579 iam
1180 2537 1347 2592 Syriam
1374 2536 1515 2578 ademi
1534 2553 1544 2576 :
1578 2542 1775 2579 senatum

456 2613 511 2654 ad
530 2613 756 2669 pristinam
785 2628 905 2655 suam
940 2612 1215 2655 severitatem
1237 2610 1452 2664 revocavi,
1481 2616 1614 2667 atque
1634 2611 1775 2653 abiec-

455 2692 548 2727 tum
567 2687 755 2728 excitavi
772 2704 782 2728 :
813 2687 1017 2729 Clodium
1033 2691 1290 2743 praesentem
1305 2685 1418 2741 fregi
1432 2685 1478 2727 iu
1494 2690 1662 2738 senatu,
1679 2699 1776 2726 cum

457 2759 656 2802 oratione
686 2765 913 2817 perpetua,
934 2759 1185 2816 plenissima
1214 2758 1457 2816 gravitatiS,
1479 2764 1569 2801 tum
1595 2758 1778 2801 alterca-
