1918 3254
586 296 687 331 PRo
712 294 947 331 PLANCIO.
1358 296 1415 338 91

130 393 133 395 ’
183 395 482 446 Necessario
525 394 834 459 temperavit,
882 391 1090 455 gratiam
1137 407 1281 439 suam
1321 407 1421 439 non

110 478 433 533 mediocriter
458 477 667 525 Plancio
693 475 954 540 profuisse,
989 475 1196 537 quando
1215 474 1286 521 vir
1309 490 1424 521 con-

115 562 292 621 sularis
330 560 689 608 testimoniume
728 558 1084 605 beneficiorum
1132 558 1180 604 iu
1219 575 1271 605 se
1311 573 1424 605 con-

104 644 329 693 latorum
359 640 625 707 perfitiens,
655 640 936 689 Candidato
956 640 1167 687 multum
1195 647 1426 704 potuerat

104 738 422 790 promovere.
496 726 609 772 Hoc
634 740 748 771 vero
771 720 995 771 ne'esset
1024 723 1241 770 insolens
1272 732 1318 770 ec
1352 739 1427 770 su-

116 810 345 873 perbum,
386 807 624 872 praemisit
654 803 1016 869 adlegatione'm
1048 806 1343 853 verecundae
1374 806 1430 854 ti-

117 891 368 938 miditatis.

180 970 371 1020 ULTRo
412 988 737 1022 MEHERCULE
779 990 837 1022 sE
884 989 1011 1022 MIHI
1062 989 1234 1022 ETIAM
1280 987 1430 1021 OFFE-

118 1069 339 1110 RENTES‚
380 1070 553 1102 ULTRo
580 1071 948 1103 POLLICENTES
975 1071 1191 1103 ROGAVI.

179 1136 559 1185 Admirabiliter
593 1154 687 1185 nec
728 1137 962 1184 humilem
1002 1154 1056 1184 se
1090 1138 1207 1184 fecit
1245 1138 1293 1184 in
1325 1154 1430 1199 pre·

114 1218 274 1275 cibus,
311 1235 405 1266 nec
429 1226 594 1267 tamen
618 1219 891 1283 plurimum
927 1219 1185 1267 adiuvisse
1221 1226 1428 1267 testatus

114 1308 205 1350 est.
277 1300 363 1348 Sic
396 1308 444 1349 et
478 1318 570 1365 pro
594 1318 678 1349 reo
711 1303 833 1351 satis
867 1319 1031 1350 causae
1063 1303 1196 1358 facit,
1237 1309 1286 1349 et
1322 1302 1428 1364 dig-

115 1384 283 1432 nitatis
319 1401 422 1432 suae
456 1393 746 1432 ornamenta
786 1385 1034 1432 custodit:
1074 1385 1288 1432 dicendo
1328 1400 1426 1431 non

115 1467 334 1515 defuisse
351 1484 526 1531 preces
550 1484 683 1521 suas,
707 1467 892 1529 quibus
907 1467 1062 1530 popul
1074 1484 1131 1513 us
1146 1468 1429 1515 verecunde

114 1551 388 1597 obsecutus
427 1549 504 1605 sit,
554 1549 686 1596 ultro
725 1565 777 1596 se
817 1550 965 1596 etiam
1008 1550 1217 1597 offerens
1258 1550 1428 1613 gratiae

110 1632 380 1680 referendae
420 1632 484 1678 ad
518 1648 632 1678 eum
671 1631 1004 1695 promtissime
1047 1633 1425 1694 designandum,

92 1711 195 1762 cui
213 1714 285 1761 vir
308 1721 407 1761 tam
428 1715 557 1761 bene
581 1714 643 1761 de
667 1713 797 1776 Rep.
823 1714 1027 1761 meritus
1053 1716 1425 1777 suffragaretur.

124 1833 126 1835 -
181 1797 298 1845 NEC
343 1812 388 1844 SI
433 1812 525 1843 VIR
565 1812 944 1853 AMPLISSIMUS,
992 1812 1079 1844 cur
1127 1812 1286 1844 NIHIL
1332 1814 1424 1845 EST

114 1895 255 1928 QUOD
292 1895 531 1927 ROGANTI
565 1895 798 1927 coscnm
827 1895 936 1927 Nor<
966 1896 1093 1927 IURE
1120 1896 1315 1938 Possm,
1355 1897 1423 1929 DE

114 1960 326 2018 Αιῐρϋο,
366 1978 434 2009 UT
461 1977 618 2018 mels,
654 1977 762 2009 NON
792 1977 1147 2011 IMPETRAVIT.

145 2076 148 2083 ,
181 2044 512 2108 sagacissime
554 2043 904 2091 animadvertit
944 2045 1068 2107 quid
1109 2062 1138 2092 a
1178 2057 1319 2109 parte
1358 2047 1426 2095 di-

113 2145 252 2177 versa
283 2135 456 2192 posset
487 2127 689 2192 opponi.
760 2125 879 2173 Non
903 2126 1081 2173 mirum
1114 2127 1154 2174 si
1188 2128 1311 2175 nihil
1335 2145 1424 2191 pro

116 2211 326 2258 Plancio
351 2211 553 2256 Tullius
577 2210 792 2256 valuisse
815 2209 1054 2265 videatur,
1082 2226 1196 2257 cum
1216 2227 1308 2274 pro
1328 2212 1424 2259 alio

115 2293 211 2342 sibi
255 2292 660 2341 coniunctissimo
705 2291 992 2340 Candidato
1022 2291 1112 2338 Vir
1146 2293 1426 2355 potentissi-

112 2393 227 2425 mus
248 2376 366 2424 nihil
402 2375 718 2439 promoverit,
746 2391 861 2427 cum
893 2374 963 2421 illi
995 2375 1302 2438 designando
1327 2383 1426 2424 stu·

115 2459 270 2508 deret.
343 2459 638 2522 Significare
673 2465 841 2505 autem
867 2456 1208 2505 Candidatum
1227 2458 1425 2506 videtur

118 2541 194 2590 .T.
219 2541 487 2607 Ampiumf
516 2544 890 2605 suffragatorem
916 2557 1029 2588 vero
1069 2541 1182 2588 .Gn.
1211 2541 1425 2606 Pompe-

162 2700 306 2733 Forte
324 2702 568 2745 corrigendum
587 2702 782 2735 testimonzo.

163 2743 176 2764 ¹⁶
194 2745 238 2779 T.
255 2729 433 2790 „Ampius”
428 2752 559 2792 praetor
574 2749 665 2782 siut
656 2759 691 2781 ln
709 2748 844 2787 Cilicia,
857 2751 899 2781 ut
908 2748 1056 2788 videtur,
1073 2748 1202 2782 Pisone
1218 2751 1255 2781 et
1270 2747 1423 2781 Gabinio

118 2790 217 2824 Coss.
240 2791 287 2825 V.
314 2793 426 2838 Epist.
442 2803 494 2828 111
522 2795 618 2829 lib.1.
652 2795 696 2828 ad
724 2794 850 2828 Famil.
903 2795 962 2828 Ad
987 2774 1081 2827 hunc
1106 2795 1248 2828 exulem
1272 2794 1424 2838 partium

118 2837 405 2919 {Ompfiiananun
435 2852 553 2885 causa,
586 2853 622 2877 e>
618 2845 704 2876 mat
732 2841 913 2875 Ciceronis
939 2841 1099 2886 Epistola
1115 2850 1179 2876 ΧΠ.
1206 2840 1285 2876 Lib.
1304 2850 1353 2875 xx
1380 2841 1426 2876 ul

152 2894 221 2917 ann

1500 1804 1598 1841 Edit.
