1918 3254
232 2572 288 2606 Ad
312 2573 357 2606 N.
376 2576 432 2608 33.

479 298 541 343 94
937 294 1036 330 PRO
1077 294 1312 330 PLANCIO.

475 410 706 445 TURNINI
761 372 1054 444 PROPINQUi
1109 410 1208 450 sur,
1267 409 1428 442 MILEs
1485 410 1660 443 Holus.
1714 396 1777 449 Ο.

477 480 749 527 METELLI.

540 561 781 616 Quoniam
815 560 992 624 gratise
1029 560 1182 608 fuisse
1205 558 1363 607 videri
1391 566 1600 622 poterat,
1626 559 1667 608 si
1696 559 1779 607 ad-

471 651 717 691 severaret
760 660 868 690 eum
910 642 1181 691 Saturnino
1223 641 1505 705 propinquo
1543 659 1635 690 suo
1676 642 1779 706 pla-

470 726 665 785 cuisse3
719 725 890 773 maluit
935 726 998 772 ad
1036 724 1275 772 iudicium
1314 725 1390 778 .Q.
1428 723 1626 771 Metelli
1662 741 1778 773 con-

467 810 651 873 fugere,
679 817 734 856 ut
756 825 868 855 vere
903 806 1115 870 cognitis
1151 806 1410 854 virtutibus
1438 806 1617 854 Planci
1652 806 1779 854 exis-

467 891 714 940 timaverit
750 891 1125 938 adulescentem
1158 908 1247 955 per
1278 889 1444 938 omnia
1476 889 1779 953 spectatissi-

466 992 616 1023 mum.
675 974 936 1037 Significat
959 981 1126 1020 autem
1147 973 1226 1026 .Q.
1249 972 1529 1028 Metellum,
1553 972 1639 1036 qui
1663 972 1777 1021 Cre-

467 1058 594 1106 ticus
620 1057 1000 1121 cognominatus
1026 1063 1116 1112 est,
1141 1055 1273 1104 bello
1299 1062 1423 1120 aput
1448 1055 1651 1103 Cretam
1675 1054 1775 1102 seli-

467 1141 589 1189 citer
608 1148 763 1207 gesto.
836 1138 1021 1186 Omnia
1044 1139 1150 1186 haec
1175 1138 1316 1186 suntf
1346 1177 1356 1186 .
1397 1177 1407 1186 .
1444 1177 1454 1186 .

531 1223 818 1270 TRIBUNts
844 1221 938 1269 PL.
967 1237 1091 1269 FUIT
1117 1236 1226 1268 NON
1255 1236 1518 1268 FORTASSE
1550 1235 1661 1268 TAM
1689 1236 1756 1267 VE

465 1323 702 1362 HEMENS,
742 1322 887 1354 QUAM
927 1319 1034 1351 ISTI
1082 1318 1212 1351 QUOS
1262 1318 1330 1350 TU
1377 1318 1503 1350 IURE
1549 1318 1770 1361 LAUDAS,

466 1408 561 1439 SED
599 1405 766 1437 cEssTE
804 1403 975 1441 TALIS,
1019 1401 1219 1435 QUALES
1259 1401 1305 1433 51
1343 1401 1524 1434 OMNES
1563 1401 1772 1433 SEMPER

463 1488 736 1529 FUISSENT,
777 1486 1045 1520 NUMQUAM
1081 1484 1448 1517 DESIDERATUS
1476 1484 1769 1517 VEHEMENS

463 1573 620 1605 ESSET
655 1555 958 1602 TRIBUNUS.

470 1675 475 1678 -
527 1639 670 1689 Nihil
695 1645 861 1702 egerat
887 1638 937 1686 iu
958 1638 1210 1686 tribunatu
1235 1653 1324 1686 suo
1342 1636 1582 1686 Plancius
1601 1635 1784 1700 aliqua·

459 1722 715 1788 praestanti
767 1722 919 1769 laude
973 1721 1340 1784 dignissimum.
1439 1719 1575 1775 Quin
1616 1719 1768 1768 immo

458 1807 605 1856 etiam
632 1805 894 1853 videbatur
929 1805 1023 1852 hac
1048 1809 1297 1868 potestate
1320 1803 1521 1866 segnius
1549 1804 1767 1851 functus.

458 1888 707 1945 Quoniam
747 1888 913 1935 nullas
954 1904 1071 1950 ergo
1107 1887 1317 1934 virtutes
1354 1884 1766 1933 eminentissimas

456 1973 644 2028 habuit,
673 1988 800 2034 quas
821 1972 883 2018 de
908 1970 995 2017 illo
1019 1968 1330 2033 praedicaret,
1358 1967 1550 2015 idcirco
1573 1967 1765 2031 aliquid

456 2056 498 2103 ei
521 2055 694 2103 volens
717 2052 983 2117 adquirere
1008 2053 1074 2099 ad
1099 2051 1442 2116 suspicionem
1468 2049 1673 2114 ignaviae
1695 2067 1767 2097 re-

453 2138 753 2203 pellendam,
779 2143 999 2185 nontam
1025 2135 1304 2191 vehemens,
1331 2134 1506 2197 inquit,
1534 2133 1762 2181 tribunus

451 2219 542 2267 fuit
561 2237 712 2283 quam
733 2219 898 2267 ceteri.
937 2219 1005 2267 Et
1023 2219 1261 2267 vivaciter
1277 2216 1548 2266 conclusit:
1586 2216 1764 2280 quales

451 2303 494 2351 si
518 2320 688 2352 omnes
724 2320 918 2368 semper
947 2303 1171 2359 fuissent,
1203 2317 1478 2365 numquam
1514 2300 1765 2348 desidera-

450 2393 530 2434 tus
555 2388 819 2435 vehemens
841 2394 972 2435 esset
995 2386 1267 2434 Tribunus.
1338 2384 1400 2432 Id
1423 2384 1594 2432 volens
1623 2383 1762 2431 intel-

450 2469 549 2533 ligi,
588 2488 677 2534 per
700 2471 967 2519 seditiosos
1003 2476 1053 2518 et
1088 2467 1534 2517 turbulentissimos
1557 2504 1757 2514 ......

451 2553 547 2600 hoc
567 2554 754 2601 factum
775 2561 853 2602 est
878 2592 888 2602 .
927 2593 937 2602 .
977 2591 987 2601 .
1024 2569 1116 2601 nec
1139 2551 1386 2607 videlicet,
1407 2550 1544 2613 quod
1571 2549 1757 2613 saepius

449 2635 609 2693 iterat,
637 2637 781 2685 valde
813 2630 1000 2701 inpiam
1033 2633 1317 2685 Laterensis
1352 2631 1756 2697 propositionem,

494 2813 509 2830 ε
533 2809 658 2845 Codex
674 2815 814 2846 tantum
826 2814 1011 2859 gratisque.

495 2854 689 2937 ‘'spi-iiium
712 2859 817 2893 trium
836 2861 889 2894 vel
906 2864 1056 2904 quatuor
1074 2858 1259 2895 verborum
1280 2859 1317 2893 in
1340 2858 1462 2893 codice
1478 2856 1686 2903 replendum
1710 2866 1755 2889 ex

448 2913 570 2937 comeo
614 2914 662 2936 ra.
