1918 3254
625 270 725 305 PRO
751 268 960 304 ARCHIA.
1387 268 1449 311 57

146 400 151 406 ·
211 366 302 416 .M.
338 365 602 415 AEmilium
628 366 879 414 Scaurum
902 366 997 413 hac
1022 365 1072 413 in
1107 370 1246 429 parte
1271 363 1452 427 signifi-

144 455 227 497 cat
257 456 306 497 et
339 449 500 513 ipsum
535 449 704 496 multae
742 448 1037 496 eruditionis
1067 456 1123 496 ut
1156 447 1364 496 historia
1387 447 1451 495 de

140 531 226 579 illo
250 531 445 579 habet.²

207 613 331 663 CUM
368 616 585 670 QUINTO
622 614 839 662 CATULo
877 613 1061 661 PATRE
1099 629 1164 660 ET
1202 628 1364 660 FILIO.

207 698 379 746 Ambo
419 698 591 746 Cinnae
625 706 670 746 et
707 696 857 760 Sylloe
895 696 1016 743 bello
1057 696 1190 742 cicili
1224 696 1453 759 impliciti

141 780 300 829 sunt.¹'

207 865 260 912 A
289 862 368 911 .L.
396 863 600 912 CRAsso
625 877 953 911 COLEBATUR.

207 945 286 993 Ea
317 952 461 992 aetate
485 946 564 992 hic
590 945 739 992 etiam
774 962 889 993 cum
924 943 1142 992 maxime
1179 943 1230 991 in
1270 943 1450 992 studiis

138 1027 442 1092 eloquentiae
466 1027 676 1075 floruit.c

207 1109 489 1159 LUCULLos
517 1125 672 1157 VERo.

207 1193 468 1257 Significat
493 1193 723 1241 Marcum
745 1200 796 1241 et
818 1192 1052 1250 Lucium,
1087 1209 1305 1257 quorum
1328 1194 1451 1242 alter

141 1279 338 1326 iudiciis
354 1279 640 1335 exercendis,
666 1278 789 1324 alter
812 1276 931 1324 bello
954 1275 1306 1325 Mithridatico
1324 1277 1452 1324 illus-

139 1359 390 1422 trisfin't.‘¹

207 1441 288 1491 ET
319 1443 568 1492 DRUSUM.

203 1525 473 1593 Szgm‘ficat
499 1526 592 1574 .M.
620 1525 823 1573 Livium
842 1525 1066 1574 Drusum
1094 1527 1447 1594 Tribwzumpl.

138 1615 168 1635 ⁴‘
195 1609 283 1673 qui
306 1626 421 1657 cum
446 1616 649 1656 senatus
682 1615 850 1673 partes
880 1611 1093 1658 tuendas
1129 1612 1448 1677 suscepisset,

185 1843 200 1859 ²
224 1839 350 1872 Codex
364 1839 420 1873 De
432 1839 503 1872 illis
515 1839 657 1874 haberet.
683 1840 791 1873 Porro
809 1838 858 1872 ait
874 1839 998 1872 Cicero
1011 1839 1048 1872 iu
1065 1838 1180 1872 Bruto
1192 1849 1299 1874 xxlx.
1337 1840 1450 1874 “Hu-

138 1888 159 1903 “
176 1886 232 1919 ius
246 1886 401 1928 (Scauri)
416 1890 452 1919 et
470 1886 657 1919 Orationes
671 1889 766 1928 sunt,
783 1889 819 1919 et
834 1889 906 1919 tres
922 1886 967 1918 ad
984 1886 1026 1919 L.
1044 1886 1224 1920 Fufidium
1240 1886 1319 1920 libri
1331 1887 1451 1931 scripti

139 1934 160 1949 ‘⁶
178 1932 222 1965 de
238 1933 310 1965 vita
326 1932 434 1975 ipsius
452 1938 541 1970 acta,
559 1944 643 1966 sane
659 1933 775 1975 utiles,
793 1943 881 1976 quos
906 1943 1010 1965 nemo
1036 1933 1154 1976 legit.”
1202 1933 1327 1966 Obiter
1341 1935 1451 1967 etiam

140 1989 267 2012 moneo
284 1979 461 2011 exstitisse
481 1980 607 2011 librum
624 1979 862 2022 logistoricum
879 1978 1048 2012 Varronis
1064 1979 1273 2023 inscriptum
1290 1979 1450 2015 Scaurus.

140 2025 187 2059 V.
209 2025 358 2058 Fabricii
375 2025 632 2058 Bibliothecam
649 2026 708 2058 lat.
725 2026 760 2058 iu
780 2025 940 2059 Varrone.

185 2070 200 2091 ὴ
217 2071 260 2111 Q.
273 2071 422 2104 Catulus
435 2079 534 2114 pater
546 2071 707 2115 princeps
720 2071 786 2104 fuit
797 2072 948 2113 Syllanae
962 2070 1132 2112 factionis,
1149 2074 1188 2104 ut
1207 2071 1256 2105 ait
1270 2072 1450 2106 Asconius

141 2118 185 2150 ad
210 2127 232 2151 1.
249 2118 286 2150 iu
303 2117 403 2151 Verr.
419 2128 453 2161 p.
475 2121 550 2151 108.
597 2118 715 2151 Mario
730 2117 874 2151 iubente
890 2118 965 2161 ipse
989 2128 1026 2150 se
1044 2118 1117 2150 vita
1133 2118 1292 2161 privavit.
1311 2119 1357 2153 V.
1374 2120 1449 2163 Ap-

137 2164 285 2208 pianum
310 2164 389 2197 Lib.
409 2173 431 2196 ῐ.
458 2163 547 2197 Bell.
562 2163 627 2198 civ.
642 2175 675 2208 p.
691 2167 769 2198 663.
808 2165 928 2197 Locus
943 2164 980 2196 iu
997 2164 1129 2196 Codice
1154 2164 1376 2199 oblitteratus
1398 2167 1448 2199 sic

138 2211 247 2244 habet
272 2213 292 2227 ‘⁶
308 2210 427 2243 Ambo
445 2209 570 2243 Cinnae
597 2235 604 2244 .
632 2236 639 2243 .
666 2236 673 2244 .
701 2211 823 2243 minati
841 2210 869 2243 C
897 2236 904 2244 .
931 2236 939 2244 .
965 2235 973 2243 .
999 2212 1113 2243 suut.’⁷

185 2257 230 2297 Q.
256 2256 405 2290 Catulus
420 2257 510 2290 filius
527 2257 704 2300 Lepidum
721 2261 800 2290 acta
817 2257 922 2300 Syllae
938 2257 1136 2290 rescindere
1153 2261 1352 2300 conantem,
1375 2259 1448 2293 bel·

137 2305 283 2347 lumque
300 2304 422 2347 patriae
445 2303 665 2343 inferentem,
689 2304 795 2336 armis
810 2303 949 2347 repulit.
996 2303 1042 2336 V.
1061 2304 1154 2337 Livii
1171 2304 1363 2348 Epitomen
1387 2316 1447 2340 xc.

139 2354 175 2383 et
190 2350 396 2394 Appianum
408 2349 498 2383 Bell.
515 2349 581 2382 civ.
597 2350 675 2383 Lib.
689 2360 709 2383 1.
725 2361 757 2394 p.
774 2353 853 2384 695.
879 2349 936 2382 De
947 2349 1014 2382 hoc
1027 2350 1214 2384 Sallustius
1225 2352 1261 2385 in
1276 2352 1446 2386 Oratione

137 2396 256 2430 Macri
273 2396 339 2430 ait:
379 2399 399 2413 “
417 2397 515 2430 Sulla
539 2400 689 2435 mortuo,
715 2397 776 2440 qui
800 2397 987 2429 scelestum
1013 2397 1227 2440 imposuerat
1253 2400 1446 2441 servitium,

137 2445 159 2461 “
175 2443 282 2476 finem
300 2443 382 2475 mali
399 2443 607 2476 credebatis.
656 2443 765 2476 Ortus
782 2447 835 2475 est
852 2443 955 2486 longe
972 2443 1098 2475 saevior
1113 2444 1295 2478 Catulus.'’

185 2494 199 2510 ‘³
222 2489 279 2523 De
296 2490 338 2523 L.
357 2489 484 2522 Crasso
502 2493 638 2523 oratore
654 2489 805 2534 plurima
819 2490 940 2523 scribit
957 2489 1080 2523 Cicero
1097 2490 1133 2523 iu
1157 2491 1272 2524 Libris
1288 2491 1328 2525 cle
1346 2491 1445 2526 Orat.

135 2541 168 2569 et
183 2535 424 2616 ἑαΙ-ξῗεηῆἒῐεο
433 2582 479 2616 V.
491 2583 706 2626 Fragmenta
719 2583 897 2616 Orationis
911 2583 1091 2617 Ciceronis
1101 2595 1168 2628 pro
1180 2582 1292 2618 Tullio
1308 2595 1329 2618 a
1344 2585 1448 2619 nobis

138 2637 250 2672 nuper
265 2628 371 2670 edita,
386 2640 419 2673 p.
436 2632 491 2663 25.
530 2630 586 2663 De
600 2630 714 2663 Lucio
728 2630 958 2664 Plutarchum
974 2630 1011 2663 in
1025 2629 1176 2670 Lucullo,
1190 2630 1332 2665 Codicis
1346 2632 1446 2666 locus

143 2674 364 2708 oblitteratas
388 2675 439 2709 sic
460 2676 583 2712 habet:
618 2680 639 2694 “
656 2677 838 2720 Significat
866 2677 996 2721 (suppl.
1024 2676 1199 2719 Marcam)
1227 2684 1261 2711 et
1292 2678 1446 2713 Lucium

138 2721 163 2736 ⁴⁴
180 2730 326 2764 quorum
351 2747 361 2757 .
381 2747 393 2757 .
420 2747 430 2758 .
454 2723 535 2758 <lem
561 2749 569 2758 .
595 2749 604 2758 .
630 2749 638 2758 .
663 2723 820 2758 Antonia
845 2749 853 2756 .
880 2750 886 2757 .
915 2749 921 2757 .
947 2723 974 2756 ri
1001 2749 1007 2757 .
1035 2748 1043 2756 .
1071 2746 1077 2754 .
1102 2723 1146 2756 da
1174 2749 1180 2757 .
1208 2750 1214 2757 .
1242 2750 1250 2758 .
1276 2726 1412 2760 arunt.'‘
