1971 3263
380 320 445 365 30
872 319 972 354 vno
997 318 1205 354 TULLIO.

381 420 655 468 ducturum
689 435 742 467 se
778 417 982 465 Tullius
1015 417 1359 467 vadimonium
1396 419 1552 468 Fabio
1593 418 1693 468 Ro·-

379 519 513 552 mam
541 501 925 567 promissurum.
997 499 1178 548 Manet
1215 501 1267 548 in
1308 519 1367 550 ea
1402 502 1693 552 conditione

383 586 546 635 Fabiu
588 623 597 632 .
636 623 646 632 .
687 621 697 632 .
738 622 747 631 .
784 590 815 631 ⁰.

450 667 694 724 Proxima
715 673 863 715 nocte
886 666 985 715 iam
1009 668 1110 715 fere
1143 683 1260 716 cuin
1298 667 1389 714 lux
1429 668 1698 733 adpropin-

380 758 573 815 quaret,
613 752 676 798 ad
702 751 831 798 illud
855 751 1139 808 aedificium,
1179 752 1243 799 de
1269 767 1372 814 quo
1395 758 1543 798 antea
1575 751 1696 808 dixi,

380 835 519 898 quod
541 843 648 882 erat
671 834 720 882 in
745 834 987 882 Centuria
1007 833 1308 897 Populiana,
1337 833 1464 881 servi
1485 832 1545 880 P.
1570 831 1700 881 Fabi

377 919 664 981 frequentes
706 918 988 981 armatique
1009 917 1230 965 veniunt.
1302 916 1569 963 Introitum
1600 911 1702 979 ipsi

380 1001 476 1048 sibi
494 1017 645 1048 manu
664 1008 681 1033 p
715 1001 1059 1064 patefaciunt:
1098 999 1324 1047 homines
1348 998 1513 1061 magni
1537 997 1702 1062 praetii

380 1101 549 1132 servos
571 1083 644 1131 M.
668 1083 808 1131 Tulli
829 1100 920 1130 nec
938 1082 1201 1146 opinantes
1218 1081 1536 1139 adoriuntur,
1557 1081 1701 1146 quod

381 1166 529 1214 facile
553 1167 685 1214 factu
707 1167 816 1214 fuit.
890 1166 1076 1229 Neque
1109 1166 1207 1213 iam
1236 1165 1424 1213 multos
1457 1181 1603 1228 aeque
1630 1181 1704 1212 re-

382 1260 666 1314 pugnantes
706 1250 851 1296 multi
905 1249 1081 1297 armati
1135 1248 1400 1313 paratique
1439 1238 1700 1294 occidunt.

382 1333 711 1396 Tantumque
731 1332 832 1379 odii
860 1331 1280 1393 crudelitatisque
1305 1331 1608 1386 habuerunt,
1646 1335 1704 1377 ut

382 1433 469 1463 eos
515 1432 688 1463 omnes
728 1413 1148 1477 gurgulionibusq
1201 1412 1406 1459 insectis
1455 1412 1705 1476 relinque-

382 1508 515 1545 rent:
557 1515 616 1545 ne
635 1498 832 1560 siquem
856 1496 1146 1544 semivivum
1174 1513 1233 1543 ac
1260 1496 1532 1560 spirantem
1556 1495 1705 1543 relin-b

383 1582 626 1647 quissent,
663 1581 825 1628 minor
856 1580 934 1627 his
967 1580 1127 1628 honor
1158 1580 1443 1626 haberetur.
1515 1577 1705 1626 Praete-

381 1681 466 1713 rea
495 1675 684 1713 tectum
726 1663 998 1726 villamque
1035 1662 1337 1709 disturbant.
1409 1660 1560 1708 Hanc
1596 1677 1702 1709 rem

383 1755 483 1797 tam
532 1756 752 1795 atrocem
794 1752 899 1793 tam
941 1746 1198 1808 indignam
1240 1751 1344 1793 tam
1386 1743 1702 1809 repentinam

382 1831 584 1878 nuntiat
622 1829 696 1878 M.
722 1829 898 1877 Tullio
927 1828 1160 1877 Philinus
1185 1845 1337 1892 quem
1366 1834 1514 1876 antea
1547 1828 1704 1876 nomi-

383 1915 512 1966 navi,
552 1913 640 1977 qui
681 1912 898 1976 graviter
934 1911 1138 1960 saucius
1173 1929 1201 1959 e
1238 1913 1404 1959 caede‘
1441 1912 1701 1974 effugerat.

382 1996 586 2045 Tullius
626 1997 792 2045 statim
827 1995 1033 2043 dimittit
1056 1995 1122 2042 ad
1147 1987 1351 2051 amicos,
1389 2009 1610 2057 quorum
1636 1984 1704 2042 ea

384 2081 640 2129 vicinitate
665 2086 775 2127 tum
810 2072 897 2126 illa
936 2079 1073 2126 bona
1112 2084 1266 2141 atque
1304 2078 1519 2125 honesta
1552 2067 1704 2142 copia

383 2171 569 2228 praesto
592 2163 702 2211 fuit.
772 2160 1023 2209 Omnibus
1048 2161 1232 2208 acerba
1253 2177 1331 2208 res
1356 2166 1404 2208 et
1426 2161 1609 2208 misera
1635 2159 1705 2208 vi-

384 2248 614 2296 debatur.
686 2245 816 2295 Cum
841 2244 1011 2293 Amici
1030 2244 1081 2292 in
1105 2261 1286 2293 comm.
1342 2281 1701 2294 ........

383 2358 1701 2380 von-vno·-cea-eruto···-*t=eae‘'5

748 2453 969 2517 Reliqua
992 2453 1340 2501 desiderantur.

432 2620 448 2636 ⁰
464 2616 522 2650 Sic
534 2615 572 2648 in
584 2615 736 2648 Verrem
746 2615 828 2649 Act.
844 2623 869 2648 1.
883 2624 962 2658 cap.
979 2623 1027 2647 v1.
1050 2612 1096 2646 de
1112 2611 1217 2645 simili
1242 2610 1314 2644 fere
1339 2620 1376 2644 rc
1403 2608 1519 2653 inquit
1547 2607 1676 2643 Cicero
1690 2610 1700 2644 Ξ

386 2663 410 2681 “
435 2662 573 2697 Mansit
589 2663 626 2695 in
643 2672 685 2694 ea
698 2661 901 2695 conditione
918 2663 1028 2705 atque
1040 2663 1146 2704 pacto
1162 2657 1313 2693 Verres.”

432 2713 450 2734 P
468 2709 555 2742 Cod.
573 2720 746 2753 manuque.

433 2761 451 2783 ει
466 2755 540 2789 Hic
557 2756 656 2788 locus
679 2755 809 2789 citatur
824 2766 846 2788 a
861 2753 1010 2798 Capella
1025 2752 1106 2787 Lib.
1120 2762 1154 2786 v.
1179 2761 1257 2796 cap.
1271 2750 1317 2784 de
1333 2749 1546 2794 elocutione,
1572 2750 1701 2785 omisso

386 2803 539 2884 1101ηὲηὲ
544 2801 650 2882 liniges
663 2801 864 2838 Orationis:
889 2800 953 2836 sed
968 2800 1041 2836 iam
1053 2801 1202 2846 apparet
1217 2809 1264 2835 ex
1274 2809 1346 2844 qua
1361 2797 1534 2834 citaverit.

433 2854 445 2871 ¹
493 2860 514 2884 o
542 2874 549 2883 .
565 2860 599 2884 se
641 2873 649 2883 .
