1918 3254
663 473 1068 524 EDITORIS
1099 474 1499 529 MONITUM.

1021 640 1149 647 ——

488 761 814 805 PTOLEMAEUS
834 762 1008 805 Auletes
1023 763 1212 819 AE'gypti
1230 776 1321 816 rex,
1344 776 1472 819 quum
1488 763 1567 804 sibi
1584 763 1744 805 timeret

430 851 456 881 a
492 837 594 890 δαίς,
633 835 817 878 Romam
854 837 1037 893 aufugit,
1086 837 1226 892 ibique
1274 837 1414 894 effusis
1452 836 1745 893 largitionibus

429 925 558 966 agere
583 911 724 965 coepit,
753 916 800 951 ut
827 911 902 951 sub
932 909 1114 965 Imperii
1141 912 1302 952 romani
1330 910 1454 952 tutela
1494 912 1537 951 in
1567 925 1747 967 regnum

430 984 710 1027 reduceretur.
771 983 847 1026 De
876 998 921 1025 re
942 989 1078 1024 actum
1098 989 1157 1023 est
1186 984 1229 1024 in
1263 982 1434 1036 Senatu,
1466 984 1603 1038 ibique
1622 983 1746 1025 etiam

433 1055 579 1099 Cicero
617 1058 857 1098 sententiam
890 1058 1014 1109 dixit,
1051 1062 1096 1097 ut
1125 1069 1180 1097 ex
1216 1055 1422 1111 Epistolis
1446 1056 1642 1112 pluribus
1676 1057 1749 1108 (in

428 1129 532 1171 Lib.
555 1144 593 1170 Ι.
615 1131 671 1171 ad
699 1130 879 1179 famil.)
903 1131 959 1171 ad
984 1129 1213 1174 Lentulum
1246 1128 1408 1173 Ciliciae
1439 1129 1747 1172 Proconsulem

428 1217 675 1259 cognoscere
707 1203 815 1245 licet.
875 1203 1061 1244 Lentulo
1083 1204 1192 1243 enim
1223 1201 1370 1243 Cicero
1401 1203 1444 1242 in
1467 1202 1626 1243 Senatu
1653 1216 1748 1243 con-

429 1278 632 1329 tendebat,
654 1283 699 1318 ut
713 1276 941 1321 Ptolemaei
953 1276 1068 1331 regis
1087 1277 1273 1318 reductio
1294 1277 1581 1318 decerneretur
1595 1293 1609 1317 .·
1641 1277 1754 1332 quod

423 1356 546 1405 patet
577 1351 699 1391 etiam
734 1362 788 1390 ea:
825 1348 966 1404 Epist.
1002 1363 1066 1390 ιι.
1106 1349 1210 1391 Lib.
1249 1354 1315 1390 Π.
1348 1350 1404 1390 ad
1443 1349 1498 1399 Q.
1540 1349 1749 1392 Fratrem.

429 1422 567 1478 quue
576 1437 753 1478 prorsus
767 1423 930 1463 videtur
932 1421 1072 1477 fuisse
1086 1428 1376 1478 argumentum
1393 1422 1517 1463 liuius
1534 1421 1754 1465 Orationis

435 1496 480 1538 T
478 1496 646 1545 ullianoe
667 1495 720 1539 de
742 1495 868 1552 Rege
899 1494 1204 1543 Alexandrino
1222 1511 1233 1535 z
1267 1496 1387 1536 cuius
1418 1497 1534 1550 apud
1547 1494 1752 1551 Aquilam

429 1585 518 1612 voc.
579 1569 865 1626 Antisagoge,
897 1575 938 1610 et
969 1568 1182 1624 Capellam
1211 1583 1303 1624 cap.
1337 1568 1390 1610 de
1427 1568 1750 1610 Sententiarum

433 1642 625 1699 Figuris,
648 1644 771 1684 unica
793 1649 833 1683 et
860 1643 994 1683 brevis
1023 1642 1110 1682 haec
1130 1641 1361 1683 Particula
1391 1644 1560 1683 extabat
1578 1660 1590 1684 :
1621 1641 1750 1684 Dm-

430 1730 627 1766 FIGJLIS
649 1729 806 1766 RATIO
830 1729 985 1758 BELLI
1007 1729 1273 1765 GERENDI;
1302 1729 1367 1756 AT
1387 1729 1555 1756 PLENA
1583 1730 1751 1768 FJDEJ,

431 1802 600 1832 PLENA
619 1802 875 1831 PIETATIS.
927 1787 989 1829 Et
1006 1789 1170 1844 quidem
1189 1788 1350 1844 Aquila
1366 1794 1405 1829 et
1424 1787 1596 1844 Capella
1612 1789 1753 1830 dicunt

431 1865 536 1908 hanc
556 1863 802 1905 Orationem
818 1862 870 1903 de
887 1861 1012 1917 Rege
1028 1860 1285 1902 Ptolemaeo.
1333 1861 1394 1903 At
1409 1862 1755 1916 Fortunatianus,

433 1938 507 1993 qui
526 1938 588 1979 bis
606 1951 695 1977 eam
716 1937 901 1977 nominat
921 1937 964 1976 in
993 1934 1238 1976 Partitione
1254 1942 1296 1976 et
1315 1937 1358 1976 in
1379 1934 1678 1992 Hypophoris,
1700 1935 1754 1977 de

432 2011 560 2067 Rege
575 2009 879 2059 Alexandrino
895 2015 1121 2064 nuncupat,
1139 2015 1235 2050 utet
1255 2015 1394 2050 noster
1412 2007 1556 2051 Codex
1573 2008 1756 2051 Ambro-

431 2085 588 2126 sianus.
649 2084 744 2125 Nos
752 2083 899 2139 plures
915 2083 1039 2123 liuius
1059 2081 1277 2124 Orationis
1297 2083 1470 2124 ineditas
1490 2082 1756 2136 Particulas,

433 2157 581 2205 mutilo
605 2155 908 2198 Commentario
941 2156 1038 2200 item
1067 2156 1219 2196 inedito
1240 2156 1412 2212 infusas,
1435 2157 1477 2197 in
1498 2156 1631 2198 lucem
1653 2170 1756 2212 pro-

434 2232 636 2272 ducimus.
700 2228 872 2271 Constat
901 2236 1041 2271 autem
1073 2243 1128 2271 ea·
1156 2229 1304 2272 Dione
1335 2229 1439 2272 Lib.
1478 2244 1653 2272 xxxlx.
1686 2230 1754 2271 12.

435 2312 476 2348 et
497 2318 550 2346 ex
569 2303 780 2346 Ciceronis
800 2302 941 2359 Epist.
961 2317 998 2344 I.
1017 2303 1119 2345 Lib.
1141 2316 1179 2343 I.
1196 2303 1253 2343 ad
1267 2303 1435 2356 Fama„
1453 2303 1558 2344 hanc
1575 2301 1758 2344 Causam

436 2377 773 2419 Alexandrinam
804 2382 939 2417 actam
973 2390 1056 2417 esse
1085 2391 1193 2418 anno
1232 2376 1284 2418 U.
1321 2375 1368 2418 C.
1402 2390 1755 2418 Dcnxxxxvnl.

440 2450 488 2493 C.
514 2450 708 2492 Cornelio
727 2450 910 2491 Lentulo
937 2449 1192 2491 flIarcellino
1212 2456 1250 2490 ct
1270 2449 1329 2490 L.
1361 2449 1532 2491 Marcio
1553 2448 1757 2504 Philippo

440 2522 584 2567 Coss..·
625 2526 681 2566 ad
707 2538 832 2580 quam
863 2524 962 2564 bene
998 2523 1323 2577 cognoscendam
1351 2522 1526 2563 multum
1556 2523 1756 2576 intererit,

434 2601 622 2655 conferre
636 2597 819 2640 eiusdem
835 2596 969 2639 Tullii
983 2596 1226 2642 Orationem
1240 2609 1320 2659 pro
1329 2594 1514 2637 Rabirio
1527 2594 1755 2643 Postumo,
