1918 3254
626 305 729 342 PRo
752 305 938 343 snm.-
1366 306 1429 354 31

121 400 182 451 L.
207 401 382 451 Cassio
407 401 638 468 Longino
662 402 1088 469 quemadmodum
1121 401 1265 467 Sylla
1293 410 1430 453 esset

122 484 384 533 animatus.
456 485 525 534 Et
548 488 644 536 hoc
669 505 754 537 eos
778 488 972 545 fecisse,
999 504 1100 536 non
1116 503 1214 551 quo
1235 487 1299 534 de
1316 487 1427 536 eius

121 567 345 615 moribus
369 575 420 617 et
442 572 701 635 proposito
726 570 1003 619 voluntatis
1037 570 1228 634 aliquid
1268 569 1431 619 audis-

119 656 242 707 sent,
295 652 382 699 sed
422 654 559 715 quod
604 654 737 701 facta
775 652 1025 700 mentione
1059 651 1134 700 .P.
1173 651 1426 710 Autronii,

119 748 269 795 quem
311 742 592 782 consortem
631 735 782 783 fuisse
820 734 1150 799 praecedentis
1191 735 1328 783 illius
1364 736 1431 784 de

118 815 308 863 ambitu
349 817 682 865 damnationis
726 817 1008 873 audierant,
1054 816 1428 865 existimassent

116 896 308 960 aliquid
343 900 492 946 etiam
536 901 599 947 de
636 900 982 948 coniuratione
1017 900 1428 962 quaerendum.—

115 977 316 1026 Deinde
359 981 642 1029 vincenter¹¹
686 983 874 1030 subicit
925 999 1221 1046 responsum
1278 981 1428 1032 Cassi

113 1059 241 1109 illud
271 1078 423 1110 unum
458 1064 824 1127 respondentis,
861 1064 985 1112 nihil
1015 1082 1067 1112 se
1096 1066 1160 1112 de
1187 1064 1261 1113 .P.
1283 1065 1429 1127 Sylla.

115 1143 240 1191 scire
262 1161 354 1208 pro
380 1152 531 1194 certo.
603 1146 905 1210 Ibidemque
924 1147 1107 1203 statim,
1130 1147 1266 1209 quod
1284 1162 1376 1195 nos
1395 1163 1427 1195 a

112 1226 220 1289 pari
245 1226 475 1285 dicimus,
498 1229 839 1277 defensionem
858 1228 1225 1294 complectitur,
1249 1228 1424 1278 dicens

113 1308 406 1357 huiusmodi
452 1328 750 1374 responsum
795 1312 971 1360 Cassib
1014 1328 1106 1376 pro
1146 1329 1205 1361 eo
1239 1312 1428 1361 haben-

114 1392 236 1439 dum
256 1398 409 1456 atque
428 1393 469 1441 si
487 1401 718 1458 negasset
739 1394 814 1443 .P.
838 1395 1034 1457 Syllam
1053 1394 1256 1444 sceleris
1274 1395 1425 1444 huius

112 1490 222 1522 esse
245 1475 571 1540 participem:
610 1477 849 1542 quoniam
886 1478 928 1526 is
966 1477 1055 1541 qui
1089 1478 1154 1525 de
1189 1477 1423 1526 omnibus

109 1558 522 1606 lnstructissimus
545 1560 706 1617 fuerit,
746 1561 808 1608 de
831 1561 928 1609 hoc
959 1561 1074 1609 ideo
1111 1560 1236 1609 nihil
1270 1560 1424 1625 scrip-

110 1639 265 1697 serit,c
301 1642 438 1704 quod
465 1640 608 1703 Sylla
629 1641 868 1689 innocens
893 1648 1041 1689 esset.

177 1722 236 1771 S1
263 1739 684 1772 RESSPONDISSET
712 1740 850 1772 IDEM
880 1739 1116 1772 SENTIRE
1146 1740 1213 1773 ET
1248 1738 1421 1773 sEcuM

111 1822 312 1855 FACERE
339 1807 579 1854 SYLLAM.

174 1889 264 1937 Ad
288 1890 495 1936 formam
519 1886 858 1935 concessivam
891 1901 1132 1933 revocans
1165 1903 1422 1949 argumen-

109 1971 363 2028 tationem,
400 1967 624 2017 etiamsid
662 1968 1005 2031 quaerentibus
1031 1968 1194 2016 Gallis
1218 1986 1421 2034 respon-

112 2054 270 2102 disset
296 2052 373 2102 .L.
394 2051 602 2100 Cassius
625 2050 700 2098 .P.
726 2050 920 2112 Syllam
944 2049 1099 2097 huius
1118 2050 1224 2098 initi
1244 2058 1421 2101 contra

110 2153 266 2200 remp.
294 2135 495 2184 sceleris
533 2151 643 2182 esse
664 2132 974 2198 participem,
1012 2133 1177 2180 valere
1198 2150 1301 2182 non
1337 2135 1420 2183 de-

111 2219 279 2267 buisse
314 2235 404 2283 pro
442 2217 659 2274 crimine,
697 2216 900 2279 quando
944 2215 1090 2263 facile
1131 2216 1420 2267 crederetur

108 2303 263 2360 illum,
301 2318 402 2365 quo
437 2318 581 2365 spem
604 2300 940 2348 robustiorem
973 2299 1132 2347 Gallis
1159 2301 1315 2358 daret,
1354 2301 1418 2349 de

110 2384 421 2435 nobilissimo
444 2384 547 2432 viro
581 2400 681 2432 non
713 2382 974 2431 dubitasse
1009 2382 1220 2431 mentiri.
1290 2382 1419 2437 Quae

111 2471 347 2518 concessio
362 2475 375 2491 Ε
399 2468 617 2516 multum
640 2467 841 2532 proficit
864 2467 929 2514 ad
952 2466 1081 2514 illud
1102 2467 1238 2530 quod
1273 2483 1419 2530 nega-

156 2610 172 2632 ¹¹
195 2612 293 2646 Nota
308 2612 514 2646 adverbium
530 2611 705 2645 vincenter.

159 2657 175 2678 ¹²
196 2659 322 2692 Codex
335 2671 473 2700 cassum,
498 2658 594 2703 quod
611 2658 700 2692 forte
715 2657 858 2692 retineri
873 2659 1021 2702 poterat.

159 2709 173 2724 ⁸
195 2704 254 2738 lta
269 2705 357 2739 Cod.
372 2705 556 2752 scripserit,
581 2705 644 2739 sed
657 2715 703 2738 ex
716 2703 1000 2749 praecedentibus
1014 2703 1154 2739 videtur
1165 2703 1418 2748 corrigendum

114 2751 259 2785 sciverit.

157 2795 173 2818 '¹
198 2797 323 2831 Codex
338 2796 449 2832 etiam.

158 2848 172 2863 ε
195 2843 242 2877 In
257 2844 389 2877 Codice
410 2844 475 2878 vel'
497 2844 651 2890 spatium
669 2847 723 2879 est
737 2844 795 2879 vel
811 2841 1035 2881 oblitteratio.
1059 2843 1230 2890 Supplevi
1253 2840 1416 2879 eoncem'o

110 2899 156 2924 ex
172 2890 465 2935 praecedentibus.
789 2901 813 2925 G
