1971 3263
745 753 898 804 EDI
906 753 1151 804 TORIS
1199 751 1269 801 M
1269 752 1420 800 ONI
1420 751 1594 801 TUM
1591 790 1602 799 .

570 1121 861 1163 Ozznmms
884 1135 968 1177 pro
997 1121 1068 1163 M.
1095 1120 1237 1162 Tullio
1260 1119 1392 1175 pauci
1416 1131 1558 1159 versas
1588 1117 1668 1158 leuc
1696 1131 1829 1174 usque

507 1201 766 1251 supererant,
782 1208 836 1236 ea:
850 1194 1093 1248 Prisciano‚
1115 1194 1391 1245 Quintiliano,
1415 1193 1627 1235 Victorino
1648 1197 1686 1232 et
1702 1191 1828 1233 Mar-

505 1269 621 1310 tiano
646 1267 817 1324 Capella
837 1270 959 1309 eruti.
1022 1267 1174 1309 Habes
1190 1269 1272 1308 iam
1294 1282 1314 1307 e
1338 1264 1488 1307 Codice
1509 1271 1648 1306 noslro
1662 1271 1829 1320 partem

508 1340 698 1383 Exordiz'
716 1349 755 1382 et
776 1343 983 1397 integram
998 1343 1140 1396 ferme
1162 1340 1479 1381 Narrationem.
1543 1338 1629 1380 Sed
1647 1340 1739 1393 quis
1769 1345 1830 1381 est

505 1415 583 1455 iste
610 1414 679 1455 M.
716 1414 896 1467 Tullius,
924 1428 1006 1468 pro
1035 1427 1114 1468 quo
1146 1414 1232 1453 lzoec
1266 1412 1416 1454 Oratio
1447 1413 1556 1453 dicta
1575 1413 1707 1468 suit?
1754 1412 1827 1454 M.

509 1486 555 1528 T
553 1487 701 1528 ullium
722 1487 936 1528 Deculam
955 1487 1194 1542 suspicatur
1217 1486 1431 1541 Sigonius.
1496 1485 1619 1528 Certe
1647 1487 1713 1528 lzz'c
1734 1501 1827 1528 con-

502 1559 687 1601 sulatum
708 1574 815 1600 anno
846 1559 896 1601 U.
920 1558 968 1601 C.
990 1558 1317 1601 DCLXXII.
1349 1560 1495 1616 gessit,
1521 1559 1720 1601 Cicerone
1741 1562 1826 1602 iam

500 1633 811 1689 adeloquentioe
828 1633 991 1674 laudem
1002 1634 1250 1674 virescente.-
1272 1647 1368 1674 nam
1388 1648 1434 1674 eo
1449 1647 1556 1674 anno
1578 1633 1826 1683 Quinctium

499 1708 553 1749 ab
579 1721 626 1747 eo
657 1709 867 1763 defensum
896 1713 1042 1748 narrat
1075 1706 1236 1747 Gellius
1262 1707 1335 1748 lib.
1364 1721 1445 1748 XV.
1477 1721 1565 1762 cap.
1594 1706 1662 1748 28.
1722 1706 1822 1750 Iam

499 1787 798 1836 argumentum
823 1780 1039 1822 Orationis
1062 1795 1143 1836 pro
1170 1779 1312 1822 Tullio
1342 1781 1471 1837 liquet
1501 1794 1556 1822 ex
1582 1782 1672 1836 ipso
1690 1783 1823 1837 fiag-

498 1860 635 1894 menlo
663 1855 775 1909 quod
791 1855 907 1910 apud
935 1852 1149 1909 Capellam
1177 1854 1269 1904 (lib.
1290 1853 1330 1895 5.
1362 1868 1454 1909 cap.
1476 1855 1524 1895 de
1552 1853 1819 1905 Partitione)

498 1925 671 1982 legitur,
704 1941 876 1982 nempe.-
928 1926 1147 1968 Damnum
1180 1941 1354 1983 passum
1393 1941 1486 1968 esse
1519 1926 1586 1968 M.
1618 1926 1821 1969 Tullium

497 1999 704 2041 convenit
741 1999 845 2041 mihi
882 2014 979 2041 cum
1012 1999 1306 2051 Adversari03
1356 2000 1602 2041 hominibus
1640 2000 1819 2042 armatis

496 2087 591 2133 rem
613 2087 707 2114 esse
736 2077 918 2129 gestam,
950 2087 1037 2114 non
1068 2072 1317 2116 inficiantur
1332 2091 1343 2126 3
1380 2088 1407 2114 a
1426 2073 1594 2116 familia
1613 2074 1667 2116 P.
1688 2073 1818 2117 Fabii

496 2138 783 2199 eommissam‚
805 2160 969 2203 negare
990 2160 1077 2189 non
1098 2145 1275 2190 audent.
1337 2147 1430 2191 Iam
1453 2146 1556 2191 dolo
1585 2146 1701 2191 malo
1730 2147 1816 2190 fac-

496 2224 605 2274 tum,
627 2219 875 2276 ambigitur.
