1971 3263
453 276 554 326 xlvi
697 292 905 325 PRAEVIA
943 289 1105 322 OPERI
1145 288 1511 323 mssERTA'rlo.

451 399 558 440 arte
588 390 863 455 perfectas?
915 390 1123 454 Semper
1156 391 1284 439 enim
1323 393 1429 441 haec
1471 396 1762 440 ornamenta

450 496 602 554 atque
652 489 873 545 artificia,
916 489 1068 551 signa,
1114 490 1296 537 tabulae
1338 491 1498 553 pictae,
1545 491 1762 554 sigillata

447 605 581 644 vasa,
602 594 897 642 toreumata,
919 589 1221 637 emblemata
1242 589 1398 637 Italos
1419 591 1644 638 homines
1665 591 1760 638 sin-

445 685 684 748 gulariter
716 686 1044 734 delectarunt.
1118 688 1243 742 Quis
1266 694 1506 751 praeterea
1529 697 1630 735 tam
1655 688 1759 736 dite

445 784 601 832 solum
640 786 790 848 paulo
829 787 1074 835 eruditius
1115 789 1303 844 effodit,
1352 787 1470 851 quin
1510 804 1757 846 nummos,

444 883 637 947 cippos,
681 891 889 941 statuas,
934 886 1205 943 coliitniiaS‚
1245 904 1462 950 papyros
1504 887 1669 944 etiam,
1709 894 1759 936 et

441 983 687 1047 praeclara
721 1001 875 1047 opera
908 984 1170 1046 omnigena
1194 986 1561 1033 commoveret?
1606 985 1757 1035 Nunc

442 1083 640 1130 demum
660 1100 772 1130 mea
796 1083 958 1130 tenuis
982 1083 1227 1130 industria
1252 1083 1560 1141 Ciceronem,
1588 1091 1755 1149 atque,

440 1188 497 1230 ut
528 1182 649 1230 mihi
673 1184 868 1247 penitus
909 1184 1151 1247 persuasi,
1194 1184 1342 1231 etiam
1374 1184 1652 1231 Asconium
1689 1201 1755 1232 ex

440 1283 788 1332 Ambrosianis
832 1285 1006 1332 forulis
1047 1284 1299 1332 excitavit.
1380 1284 1548 1336 Quare
1590 1282 1625 1329 ii
1667 1282 1757 1346 qui

438 1385 695 1447 praestanti
719 1384 917 1446 ingenio
938 1390 988 1430 et
1007 1383 1249 1445 singulari
1268 1381 1539 1446 sagacitate
1558 1381 1756 1446 praediti

439 1489 556 1530 sunt
578 1499 637 1529 ea
661 1482 934 1529 moliantur
961 1482 1249 1545 excogitent
1272 1487 1473 1539 tentent,
1513 1499 1627 1546 quae
1651 1482 1755 1530 fieri

436 1575 578 1629 abiis
603 1581 798 1629 civibus
821 1581 1020 1638 debent,
1047 1581 1132 1644 qui
1157 1581 1258 1628 sint
1276 1580 1500 1629 Patriam
1521 1581 1755 1644 tempori-

434 1682 532 1729 bus
568 1680 761 1728 miseris
787 1680 876 1727 diu
900 1686 1218 1743 prostratam,
1260 1681 1543 1728 studiorum
1579 1680 1751 1728 fructi-

433 1782 530 1829 bus
554 1788 708 1844 atque
732 1780 1114 1828 oblectamentis
1138 1779 1421 1827 recreatur-i.

499 1879 582 1929 Tu
607 1895 739 1936 vero,
766 1878 857 1926 Vir
891 1878 1229 1926 eruditissime
1253 1886 1302 1926 et
1326 1879 1512 1942 optime
1549 1879 1748 1929 Lacona

434 1978 711 2036 MELLER1‚
743 1995 924 2025 munus
947 1995 1114 2025 meum
1140 1978 1188 2025 in
1212 1979 1528 2041 praecedente
1552 1980 1750 2029 Libello

432 2078 742 2134 inchoatum,
776 2078 825 2124 in
850 2084 1095 2141 praesente
1131 2078 1420 2126 absolutum
1452 2079 1631 2127 lubens
1667 2097 1749 2128 ex-

433 2176 570 2242 cipe:
627 2184 679 2224 et
715 2176 860 2240 Opus
883 2177 934 2224 in
958 2183 1047 2224 tua
1071 2176 1246 2225 Patria
1269 2183 1540 2242 repertum,
1566 2188 1614 2226 te
1637 2178 1749 2226 hor-

431 2283 592 2326 tatore
617 2283 667 2325 et
688 2278 883 2325 fautore
908 2276 1122 2333 editum,-
1146 2277 1210 2324 ab
1233 2276 1433 2326 homine
1466 2277 1536 2325 tui
1557 2277 1747 2326 studio-

432 2377 629 2426 sissimo
652 2377 743 2426 tibi
767 2378 993 2426 oblatum
1018 2376 1334 2441 singulariter
1358 2376 1523 2439 dilige.
