1971 3263
410 285 440 328 8
796 285 1039 321 EDITORIS
1075 287 1187 322 ΜΟΝ
1193 288 1338 326 ITUM.

410 380 490 423 tibi
510 395 598 424 non
616 381 910 424 crediderunt.
931 382 1037 425 mihi
1057 399 1177 438 vero,
1211 385 1404 442 inquam,
1427 399 1542 429 xxv.
1563 386 1727 429 iudices

408 455 710 497 crediderunt:
737 469 877 497 xxxx.
897 456 1102 511 quoniam
1120 471 1316 499 nummos
1331 462 1432 501 ante
1451 464 1727 517 acceperunt,

406 528 487 570 tibi
508 528 572 569 nil
599 527 890 569 crediderunt.
951 527 1129 585 Magnis
1149 528 1406 572 clamoribus
1427 531 1607 574 afflictus
1627 547 1727 574 con-

405 599 546 651 ticuit,
564 610 603 640 et
618 600 818 641 concidit.
873 600 1042 642 Noster
1056 607 1200 643 autem
1219 607 1356 643 status
1373 609 1437 644 est
1453 604 1535 645 hic.
1593 605 1729 661 Apud

405 672 542 713 bonos
555 672 684 714 iidem
703 687 861 726 sumus,
879 689 988 730 quos
1005 674 1221 730 reliquisti
1236 692 1246 724 3
1277 675 1394 731 apud
1411 677 1579 718 sordem
1594 678 1729 732 urbis,

406 749 451 786 et
470 745 615 787 faecem
641 745 778 786 multo
808 745 977 796 melius,
1009 762 1138 802 quam
1160 747 1392 804 reliquisti.
1426 762 1522 789 nam
1545 754 1590 790 et
1617 748 1730 791 illud

403 818 530 859 nobis
551 833 636 859 non
657 819 794 873 obest,
826 821 967 862 videri
1000 825 1194 862 nostrum
1224 821 1518 863 testimonium
1549 836 1636 864 non
1655 836 1728 864 va-

404 891 552 933 luisse.
584 892 739 934 missus
770 901 834 935 est
863 894 1040 950 sanguis
1068 893 1242 936 invidiae
1271 894 1365 937 sine
1397 894 1563 948 dolore,
1596 900 1729 952 atque

405 965 537 1006 etiam
554 965 634 1006 hoe
656 966 807 1022 magis,
824 966 942 1022 quod
960 981 1109 1008 omnes
1123 966 1190 1008 illi
1208 967 1400 1010 fautores
1420 967 1538 1009 illius
1556 967 1727 1024 flagitii,

404 1052 495 1079 rem
512 1038 783 1080 manifestam
798 1039 919 1081 illam
935 1038 1204 1095 redemptam
1225 1053 1318 1081 esse
1335 1053 1360 1083 a
1380 1039 1609 1095 iudicibus,
1625 1054 1726 1083 con-

405 1111 601 1154 fitentur.

464 1185 584 1227 Haec
611 1188 668 1228 ad
695 1187 988 1230 declarandam
1021 1189 1145 1229 huius
1180 1187 1399 1230 Orationis
1431 1188 1650 1230 historiam
1677 1202 1726 1231 ac

396 1272 526 1314 poene
545 1274 713 1302 cursum
732 1262 953 1318 sufficiant.
1004 1261 1224 1303 Prodeant
1243 1263 1326 1302 iam
1346 1275 1401 1304 ex
1414 1267 1553 1303 nostro
1576 1260 1727 1305 Codice

405 1333 616 1389 integrum
639 1333 857 1376 Orationis
873 1333 1202 1389 Argumentum,
1224 1341 1263 1375 et
1283 1335 1444 1390 amplus
1469 1333 1725 1377 Commenta-

404 1406 493 1447 rius
517 1406 746 1461 scriptoris
767 1408 931 1462 antiqui
951 1413 990 1447 et
1011 1408 1171 1460 inediti,
1201 1422 1283 1449 non
1301 1410 1391 1449 sine
1417 1408 1557 1451 multis
1586 1415 1626 1450 et
1652 1423 1724 1451 no·

405 1477 556 1520 bilibus
588 1478 800 1521 Partibus
833 1481 966 1535 ipsius
995 1481 1221 1536 deperdicae
1258 1481 1490 1524 Orationis.
1554 1481 1725 1537 Scripta

405 1557 465 1592 est
499 1557 638 1593 autem
669 1552 759 1595 haec
796 1550 945 1596 Oratio
974 1552 1224 1598 Consulibus
1249 1554 1413 1599 Pisone
1444 1561 1482 1598 et
1517 1553 1722 1608 Messala,

407 1625 452 1667 id
464 1631 524 1667 est
544 1623 758 1669 Ciceronis
776 1640 886 1670 anno
904 1640 1046 1670 XLVJ.
