1971 3263
414 298 475 341 12
858 297 913 330 IN
952 296 1002 330 .P.
1041 296 1281 332 ommuni

409 404 573 445 tamen
620 398 683 444 ad
729 400 1008 443 extremum
1057 394 1162 443 dati
1210 401 1338 443 sunt.
1442 395 1509 445 Et
1553 395 1714 461 primo

408 481 613 544 quidem
659 480 722 526 ab
768 483 946 526 senatu
992 477 1284 541 praesidium
1329 479 1614 543 petiverant,
1659 488 1713 527 ut

407 564 472 610 de
525 561 707 610 Clodio
755 560 1102 625 potentissimo
1148 560 1348 607 homine
1398 561 1604 610 liberius
1643 562 1714 610 iu-

404 644 669 692 dicaretur.
738 643 928 691 Verum
963 643 1033 691 ita.
1065 659 1144 689 res
1179 642 1375 699 cecidit,
1422 650 1478 691 ut
1512 644 1563 691 in
1594 660 1712 692 eum

402 726 547 773 multi
585 743 734 789 grave
773 724 1114 774 testimonium
1155 725 1390 782 dicerent,
1422 726 1712 789 quorumin

401 825 608 857 numero
634 809 841 856 Marcus
865 808 975 872 ipse
1009 807 1212 856 Tullius
1235 809 1586 871 interrogatus,
1612 807 1710 857 ait:

401 892 467 939 ad
505 909 557 940 se
594 892 864 940 salutatum
921 890 1117 940 venisse
1159 892 1272 956 ipsa
1320 890 1400 938 die
1455 890 1709 948 Clodium,

399 992 503 1039 qua
556 994 609 1025 se
659 977 743 1025 ille
794 977 1124 1025 contenderat
1173 974 1488 1022 Interamnaea
1537 974 1707 1030 fuisse,

397 1059 619 1106 millibus
657 1076 899 1124 passuum
934 1060 1086 1106 ferme
1123 1073 1328 1105 Lxxxx.
1360 1058 1424 1104 ab
1449 1056 1590 1104 Urbe
1614 1056 1710 1104 dis-

394 1141 651 1200 iunctum3
699 1158 798 1205 quo
839 1141 1032 1189 scilicet
1069 1140 1227 1189 videri
1266 1140 1482 1196 volebat,
1530 1139 1708 1187 incesti

397 1222 576 1270 Romae
617 1223 963 1271 committendi
998 1225 1292 1271 facultatem
1329 1238 1431 1269 non
1456 1220 1706 1268 habuisse.

396 1304 466 1353 Et
489 1312 608 1369 post
638 1306 744 1354 haec
778 1307 840 1353 ab
872 1306 1139 1353 Iudicibus
1164 1321 1289 1353 xxv.
1325 1306 1589 1352 damnatus
1614 1308 1706 1351 est.

394 1386 671 1435 Praevaluit
695 1395 862 1435 tamen
897 1388 961 1434 ad
988 1387 1092 1435 eius
1131 1387 1392 1436 victoriam
1430 1385 1590 1434 maior
1626 1402 1707 1433 eo-

389 1486 502 1517 rum
526 1487 765 1517 numerus
801 1469 889 1533 qui
925 1470 1266 1518 absolverunt.
1337 1469 1472 1517 Nam
1498 1484 1627 1516 xxx.
1659 1475 1708 1516 et

389 1568 494 1599 una
529 1569 621 1615 pro
652 1568 712 1600 eo
746 1551 1002 1600 sententiae
1040 1552 1152 1600 latae
1193 1559 1325 1599 sunt.
1397 1551 1523 1598 Inde
1555 1550 1705 1613 igitur

389 1634 648 1700 kapitalisb
687 1635 918 1683 inimicus
959 1635 1011 1682 in
1053 1634 1128 1682 M.
1169 1635 1396 1682 Tullium
1443 1633 1598 1697 coepit
1637 1634 1705 1680 ef-

389 1717 520 1767 ferri.
592 1717 663 1765 Et
701 1734 815 1765 cum
850 1716 938 1764 illo
973 1734 1113 1764 anno
1139 1723 1391 1781 potestate
1432 1715 1704 1780 quaestoria

386 1802 689 1864 fungeretur,
748 1805 872 1862 aput
920 1800 1166 1863 populum
1222 1798 1534 1847 creberrimis
1587 1815 1701 1846 eum

387 1882 708 1932 contionibus
732 1882 1028 1930 lacessebat.
1066 1880 1235 1930 Minas
1261 1881 1384 1944 quin
1405 1880 1556 1927 immo
1581 1897 1703 1943 prae-

384 1966 612 2021 tendens,
674 1966 741 2013 acl
797 1964 1034 2012 familiam
1098 1981 1151 2011 se
1208 1963 1473 2027 plebeiamc
1529 1963 1702 2011 transi-

384 2055 569 2104 turum,
612 2055 666 2096 ut
704 2048 936 2095 tribunus
976 2046 1140 2111 plebis
1173 2048 1326 2103 fieret,
1353 2045 1698 2097 denuntiabat.

387 2131 584 2185 Quibus
631 2129 980 2178 minacissimis
1031 2129 1236 2177 territus
1293 2129 1520 2186 vocibus,
1558 2129 1699 2177 vehe-

428 2298 444 2314 ²
468 2294 551 2328 Hoc
569 2294 684 2327 Clodii
702 2294 926 2327 mendacium
944 2293 1037 2327 ridet
1061 2293 1186 2327 Cicero
1203 2293 1311 2326 etiam
1335 2293 1372 2325 in
1390 2292 1619 2327 Orationibus
1632 2303 1696 2337 pro

383 2340 497 2374 Domo
519 2353 578 2374 sna
595 2350 687 2374 xxx.
705 2345 741 2374 et
761 2352 827 2386 pro
843 2340 919 2374 Mil
932 2350 1025 2374 xvii.
1051 2340 1159 2373 Porro
1177 2340 1300 2372 Codex
1316 2339 1423 2372 habet
1440 2342 1614 2382 corrupte,
1634 2338 1696 2371 In-.

381 2393 538 2420 ter-amne.
565 2387 698 2420 Contra
712 2387 871 2430 superius
882 2388 967 2420 item
983 2387 1164 2425 mendose,
1177 2385 1511 2431 aeq1titibns‚eoecicl1't‚
1528 2395 1590 2427 pro
1606 2384 1696 2430 equi-

381 2433 478 2473 tibus,
494 2434 613 2467 cecidit
632 2433 808 2466 Nimirum
823 2433 1119 2477 diphthongomm
1133 2433 1222 2466 ratio
1239 2432 1342 2465 valde
1358 2435 1412 2464 est
1427 2431 1464 2463 iu
1480 2431 1546 2464 hoc
1561 2431 1694 2464 Codice

379 2480 629 2559 peguliiiagbd.
647 2526 763 2560 littera
780 2537 896 2570 graeca
915 2524 1101 2571 Kapitalis.
1165 2525 1223 2559 Sic
1239 2523 1384 2557 inferius
1401 2525 1564 2557 occurret
1579 2523 1692 2569 kaput.

381 2571 507 2605 Cicero
526 2572 602 2616 ipse
620 2573 749 2607 Orator
764 2582 894 2608 XLvm.
913 2573 1053 2614 scripsit
1066 2571 1303 2617 Kartagiwoem.
1353 2571 1412 2603 Sic
1430 2570 1526 2613 apud
1543 2570 1694 2603 Veteres

379 2628 452 2651 non
473 2629 552 2651 raro
571 2623 763 2652 occurrunt
777 2619 934 2660 kalendae,
955 2618 1136 2657 kalumnia,
1151 2617 1348 2651 karissimus
1362 2619 1430 2649 etc.
1457 2616 1502 2649 V.
1544 2616 1693 2657 Quintil.

380 2664 463 2697 Lib.
482 2674 504 2697 1.
522 2676 598 2708 cap.
616 2669 648 2699 7.
666 2670 703 2699 et
723 2666 760 2699 in
781 2666 925 2699 Putsch.
965 2665 1222 2699 Terentianum
1245 2674 1279 2707 p.
1303 2665 1408 2696 2400.
1444 2662 1563 2697 valer.
1587 2663 1691 2696 Proh.

379 2713 648 2800 p.}{ld5i·capse
673 2758 837 2802 praestitit
861 2758 1020 2800 Clodius,
1037 2768 1159 2801 quum,
1184 2758 1263 2790 uta
1279 2755 1430 2789 Fonteio
1453 2756 1690 2799 adoptaretur.

381 2803 526 2837 euraw't.
536 2803 630 2837 vide
638 2816 704 2850 pro
719 2804 829 2839 Domo
837 2815 906 2838 sua
915 2814 1113 2840 xiii—xiv.
1122 2808 1158 2838 et
1170 2803 1449 2849 deHaruspicum
1457 2802 1560 2848 Resp.
1570 2810 1691 2838 xxvii.
