1918 3254
643 265 745 300 PRo
769 263 981 301 Ancum.
1407 264 1472 309 55

163 370 266 413 tera
297 364 454 419 utitur
487 366 832 430 deprecatione,
870 379 933 411 ne
967 362 1130 410 minus
1167 360 1375 410 civiliter
1405 359 1474 407 lo-

163 446 248 510 qui
282 433 607 505 existimetur,
632 447 870 495 recedens
903 446 1138 494 videlicet
1160 445 1473 508 aliquantum

163 549 194 579 a
213 532 397 580 forensi
419 549 595 595 genere
628 530 844 580 dicendi.
916 529 1068 583 Quod
1102 529 1267 593 ipsum
1291 544 1353 575 ne
1376 543 1471 591 pro

161 613 329 678 inepto
375 614 658 678 accipiatur,
710 614 808 662 iam
848 612 1193 677 praeloquitur,
1247 629 1277 659 a
1317 611 1471 659 modo

160 698 416 761 praesentis
441 715 606 745 causae
624 714 725 745 non
748 696 1031 752 abhorrere,
1068 702 1119 742 et
1146 711 1371 759 personae
1395 693 1473 741 vel

161 780 392 838 maximej
418 798 509 845 pro
527 798 626 844 qua
649 781 914 829 dicendum
939 785 1084 836 esset,
1110 778 1388 826 convenire.

228 863 347 912 Hoc
384 880 621 913 DENIQUE
658 864 928 913 PRAETORE
968 877 1289 910 EXERCENTE
1334 875 1473 908 11JD1-
1491 870 1589 952 {a}

163 961 312 994 cmm.

226 1028 347 1076 Non
380 1034 528 1076 vacat
562 1030 703 1092 quod
744 1029 1044 1076 mentionem
1078 1028 1199 1075 facit
1236 1026 1473 1075 Praetoris

160 1110 332 1174 ipsius,
357 1110 410 1158 id
434 1117 510 1158 est
535 1110 726 1158 Fratris
751 1111 829 1158 sui
847 1111 926 1168 .Q.
946 1110 1216 1167 Ciceronis,
1241 1110 1324 1172 qui
1349 1110 1476 1156 iudi.-

160 1193 236 1240 cio
270 1200 493 1256 praeerat.
563 1193 1053 1258 Opportunissimum
1085 1193 1291 1256 quippe,
1319 1193 1388 1240 ait
1412 1193 1475 1239 de

159 1276 399 1324 laudibus
434 1282 596 1340 poetae
630 1277 747 1324 boni
772 1283 897 1341 aput
921 1294 1036 1324 eum
1061 1276 1230 1324 dicere
1259 1275 1346 1339 qui
1371 1282 1474 1322 stu-

163 1358 258 1406 diis
284 1358 574 1406 huiusmodi
598 1359 890 1407 delectetur.
962 1359 1082 1407 Fuit
1099 1359 1229 1407 enim
1258 1360 1335 1414 .Q.
1356 1357 1477 1405 Tul-

162 1440 259 1488 lius
289 1457 389 1489 non
416 1441 575 1489 solum
602 1442 745 1506 epici,
770 1458 938 1489 verum
974 1442 1121 1489 etiam
1158 1441 1335 1503 tragici
1369 1457 1476 1487 car÷

162 1523 304 1571 minis
326 1524 584 1572 soi·ibtor.¹'

227 1606 427 1656 ITAQUE
465 1623 609 1654 HUNC
652 1624 718 1655 ET
752 1608 1071 1657 TARENTINI
1117 1624 1183 1655 ET
1221 1607 1584 1667 RHEGININ.5‚

162 1705 228 1737 ET
253 1689 644 1738 NEAPOLITANI
675 1707 931 1740 CIVITATE
964 1706 1302 1740 CAETERISQUE
1342 1706 1477 1739 PRAE·

164 1789 281 1821 mus
307 1789 618 1822 DONARUNT.

226 1855 431 1904 Utiliter
463 1858 762 1922 praeparavit
794 1859 861 1906 ad
892 1874 1112 1914 causam,
1146 1857 1246 1904 iam
1281 1856 1476 1920 pridem

163 1940 297 1986 hunc
329 1938 569 1986 Archiam
609 1941 817 2004 poeticae
853 1940 1110 1989 facilitatis
1152 1939 1315 2004 gratia
1352 1939 1477 1987 cele-

164 2023 303 2070 brem
339 2039 368 2068 a
402 2023 627 2086 plurimis
662 2023 820 2071 Italiae
845 2024 1168 2071 nobilissimis
1194 2023 1396 2087 populis
1425 2024 1477 2070 in

160 2123 421 2154 numerum
454 2106 635 2155 civium
670 2112 981 2170 cooptatum.
1052 2107 1206 2161 Quod
1242 2105 1476 2155 nimirum

163 2196 457 2251 argumento
499 2206 609 2237 esse
644 2190 841 2246 debeat,
877 2189 1026 2237 etiam
1064 2187 1477 2236 Heracliensibus

160 2288 324 2336 nuper
342 2272 664 2334 adscribtum²
690 2273 1023 2322 robustiorem
1044 2273 1141 2321 iam
1167 2274 1312 2329 fama,
1339 2279 1390 2319 et
1407 2271 1478 2319 in-

162 2465 271 2498 Nunc
290 2466 362 2499 iam
375 2477 421 2500 ex
437 2469 556 2506 nestro
573 2466 771 2511 Interprete
785 2469 943 2511 apparet,
966 2467 1135 2512 Marcum
1151 2466 1247 2512 apud
1263 2466 1379 2511 ipsum
1395 2466 1482 2502 Fra-

163 2514 252 2545 trem
270 2516 458 2555 praetorem
475 2513 566 2546 lianc
584 2514 793 2547 Orationem
806 2514 949 2548 dixisse.

210 2563 226 2578 ²²
250 2559 376 2592 Codex
394 2559 485 2596 Quia
499 2566 646 2605 propter.

209 2603 225 2624 Β
249 2605 292 2645 Q.
319 2605 499 2639 Ciceronis
523 2610 650 2640 extant
673 2617 794 2640 versus
819 2607 908 2650 epici
932 2607 1057 2651 viginti
1082 2607 1121 2640 de
1144 2603 1266 2651 Signis
1287 2605 1481 2648 caelestz'bns‚

165 2661 227 2694 quo
243 2652 390 2696 quodque
405 2658 550 2698 tempore
567 2652 696 2687 illustre
712 2653 767 2687 sit.
797 2654 904 2687 Adde
921 2654 1042 2693 etiam,
1060 2653 1089 2686 si
1106 2650 1236 2697 placet,
1250 2653 1482 2697 Epigramma

167 2696 206 2728 de
221 2697 395 2732 ›indier-nm
410 2698 551 2740 levitate,
564 2700 658 2743 quod
673 2699 730 2733 cdi
746 2700 835 2733 solet
847 2700 884 2733 in
896 2700 995 2733 calce
1006 2699 1175 2741 Petronii,
1187 2703 1222 2733 ct
1232 2711 1255 2733 a
1267 2700 1481 2744 quibusdam

168 2743 212 2782 (1).
229 2743 391 2777 Ciceroni
406 2745 582 2779 tribuitur.
621 2747 691 2779 Sed
706 2757 750 2779 en
764 2746 883 2780 iamin
899 2750 1019 2781 nostro
1031 2747 1297 2791 Commentario
1312 2746 1483 2781 memoria

168 2789 275 2823 etiam
291 2791 415 2834 tragici
431 2792 605 2827 Carminis
618 2792 778 2837 ejusdcm
796 2793 973 2828 Auctoris.
