1918 3254
772 312 865 357 1:36

164 417 252 461 est.
303 409 377 458 Ut
396 408 650 459 intellecto
683 427 794 476 quae
824 409 985 459 officia
1007 410 1256 459 ducantur
1279 409 1342 459 ab
1368 411 1454 459 ho-

166 500 324 551 nesto,
350 510 461 557 quae
479 495 541 542 ab
557 493 728 554 hutili3
761 500 810 541 et
827 494 965 556 quod
982 510 1077 541 non
1100 494 1163 541 sit
1181 510 1456 558 repugnan-

161 576 366 625 tiainter
380 577 410 624 h
419 577 541 625 utile
556 582 605 624 et
621 577 909 635 honestum3
925 576 1265 624 adhaereamus
1278 577 1452 633 eidem,

165 660 391 707 cavendo
431 661 494 707 ab
529 676 700 708 eorum
731 659 1004 708 contrariis.
1075 658 1171 706 Cui
1194 657 1457 722 particioni

164 743 478 806 subponatur
516 743 783 790 videndum
817 749 906 791 est.
979 741 1296 806 Subponitur
1320 758 1460 805 prac-

160 824 308 881 ticae,¹¹
345 825 397 872 id
431 832 506 872 est
542 825 771 874 omnibus
795 825 901 873 eius
927 825 1204 889 speciebus,
1248 823 1457 879 Ethicae,

161 906 520 956 OEconomicae.
591 908 786 956 Ethmae
821 908 1134 972 subponitur,
1158 906 1277 970 quia
1303 905 1462 969 loqui-

159 994 240 1035 tur
259 990 321 1036 de
348 990 598 1038 moribus:
636 993 779 1039 ethos
802 991 930 1041 enim
947 1007 1120 1054 graece,
1146 1006 1253 1038 mos
1279 988 1463 1036 dicitur

159 1067 342 1118 latinis.
412 1070 471 1117 In
496 1070 693 1129 Ethica,
725 1073 925 1120 moralis
950 1073 1170 1120 scientia.
1242 1071 1464 1119 OEcono·

162 1168 271 1199 mos
316 1160 496 1211 autem,
548 1153 880 1218 Dispensator
920 1155 1104 1202 dicitur
1145 1153 1326 1201 latinis.
1405 1152 1466 1200 In

163 1233 511 1292 OEconomica,
549 1238 749 1284 scientia
770 1239 840 1284 rei
863 1228 1135 1283 familiaris.
1225 1233 1366 1282 Polis
1390 1241 1467 1282 est

162 1316 365 1365 civitas:
403 1318 453 1364 in
473 1317 705 1374 Pontica,
728 1318 935 1365 scientia
953 1319 1023 1366 de,
1038 1317 1275 1378 regimine
1299 1317 1467 1364 civita-

161 1402 286 1447 tum.
355 1398 460 1446 Iste
485 1398 610 1445 liber
639 1406 804 1446 autem
830 1397 1131 1460 subponitur
1150 1396 1258 1444 istis
1285 1398 1469 1460 specie-

162 1478 258 1527 bus
278 1480 625 1545 philosophiae,
647 1480 765 1543 quia
790 1480 851 1526 de
871 1485 1088 1542 utroque
1109 1496 1288 1541 genere
1311 1480 1468 1544 philo-

162 1563 365 1625 sophiae‚
392 1563 627 1609 intenditi
662 1564 741 1609 hic
765 1568 993 1608 tractare.
1067 1561 1271 1609 Privata
1296 1579 1466 1620 causa,

162 1659 320 1707 quare
371 1642 606 1707 scripsitk
655 1644 750 1692 fuit
794 1644 868 1692 M.
915 1645 1049 1691 filius
1105 1645 1211 1692 eius
1263 1661 1466 1694 morans

160 1725 378 1774 Athenis
416 1726 466 1773 in
499 1727 671 1775 studio
711 1727 1059 1791 philosophiae.
1138 1726 1257 1791 Ipse
1290 1745 1406 1776 vero
1439 1745 1470 1777 a

163 1807 331 1855 Roma
354 1808 523 1871 dirigit
546 1809 643 1873 ipsi
675 1810 808 1858 hunc
833 1810 1016 1857 librum
1043 1809 1106 1856 de
1130 1809 1469 1874 philosophia.

163 1889 394 1947 Publica,
415 1892 633 1939 omnium
655 1893 897 1942 hutilitas.
957 1892 1115 1939 Usuri
1139 1893 1234 1940 hoc
1254 1894 1468 1941 vocabu-

161 1972 228 2029 lo,
262 1972 389 2036 quid
426 1980 504 2020 est
541 1974 775 2032 officium,
811 1975 1072 2022 videamus
1106 1975 1467 2024 diffinitionem.

164 2054 402 2102 Officium
449 2061 524 2102 est
571 2072 821 2119 congruus
867 2065 1010 2105 actus
1063 2058 1468 2121 uniuscuiusque

162 2154 406 2203 personae,
446 2141 724 2187 secundum
748 2157 909 2188 mores
934 2138 1009 2187 et¹
1044 2140 1276 2187 instituta
1300 2140 1469 2188 civita-

162 2221 242 2270 tis,
313 2221 410 2269 His
433 2221 569 2278 visis,
595 2222 808 2271 litteram
834 2223 1169 2270 insistamusfn

207 2447 224 2469 ¹¹
249 2448 490 2490 Quintilianus
516 2449 605 2482 Inst.
622 2449 701 2483 Lib.
720 2450 764 2485 11.
781 2449 868 2493 Cap.
890 2452 942 2484 18.
958 2449 1050 2483 hanc
1066 2459 1191 2483 vocem
1216 2448 1335 2482 scribit
1351 2459 1468 2493 graece

163 2512 194 2534 π
216 2511 353 2540 ακτικη.

191 2511 216 2569 pi
239 2549 419 2582 Intendere
445 2559 507 2592 pro
534 2547 613 2582 velle
636 2559 709 2582 nou
733 2552 787 2583 cst
809 2549 1019 2583 inusitatum
1043 2548 1139 2593 apud
1163 2549 1315 2592 optimos
1339 2549 1468 2583 latinos

163 2597 334 2630 auctores.
442 2623 463 2640 u

211 2639 226 2661 ¹¹
251 2641 340 2674 Cod.
356 2641 391 2674 in
407 2653 464 2686 eep

211 2686 218 2707 ¹
244 2687 333 2720 Cod.
350 2691 512 2731 corrupte
529 2700 565 2722 re
581 2700 643 2731 pro
659 2694 691 2721 et

210 2739 234 2754 ¹¹¹
258 2735 356 2768 Hinc
382 2736 518 2769 videtur
541 2736 678 2769 Auctor
693 2734 798 2767 huius
814 2735 1027 2778 Arg-umenti
1051 2733 1212 2778 progredi
1230 2733 1273 2766 ad
1291 2742 1462 2766 commen

162 2780 312 2860 tanga?
328 2781 366 2814 in
382 2782 483 2828 Opus
498 2782 614 2828 ipsum
630 2781 670 2816 de
686 2780 837 2826 Officiis:
875 2781 938 2815 sed
962 2781 1082 2815 nullus
1106 2780 1392 2815 Commentarius
1416 2780 1469 2812 es(

164 2837 201 2860 1n
248 2838 268 2860 ο
295 2837 359 2861 loe.
