1918 3254
580 258 682 294 PRO
706 258 919 297 ARCHIA.
1369 253 1436 306 59

186 357 250 408 Id
273 357 415 423 quod
439 357 630 406 derivat
658 358 710 408 in
732 359 882 408 aliam
913 376 1136 419 causam,
1168 377 1269 424 qua
1295 361 1438 409 effec-

120 447 227 491 tum
249 441 314 491 sit
331 459 392 490 ne
412 442 636 490 exhiberi
656 459 782 491 verae
806 451 1026 508 possent,
1051 444 1104 492 id
1130 451 1206 492 est
1232 450 1437 510 propter

121 524 424 582 incendium,
447 526 585 589 quod
607 533 836 574 evenerat
853 527 987 574 bello
1011 527 1204 575 sociali.
1501 568 1600 603 Edit.

192 608 431 658 GAB1N11
458 625 705 659 QUAMDIU
733 623 1028 656 INCOLUMIS
1056 625 1197 656 rm'r.
1500 615 1547 651 N.
1562 618 1599 650 9.

186 691 357 739 Aulus
392 692 639 740 Gabinius
674 693 941 740 damnatus
980 693 1141 739 fuerat
1179 693 1242 740 de
1289 708 1442 756 pecu·

120 774 214 823 niis
247 775 554 840 repetundis,
592 775 732 839 quod
765 775 984 839 acceptis
1009 776 1183 822 decem
1218 775 1442 823 millibus

117 858 360 906 talentum
382 859 446 906 ab
472 858 613 920 Rege
631 857 921 915 Ptolemaeo,
943 858 1150 906 duxisse
1180 875 1443 907 romanum

120 941 394 988 exercitum
418 941 467 987 in
492 942 776 1005 AEgyptum
800 941 1067 989 diceretur.

190 1021 400 1069 CENSUS
426 1037 656 1070 NosTRos
682 1037 952 1071 REQUIRIS.
1526 1030 1575 1066 N.

189 1103 359 1152 Etiam
381 1105 477 1153 hoc
500 1110 797 1167 argumento
834 1104 1161 1152 deficiebatur
1194 1105 1442 1155 Archias:

122 1204 216 1235 nec
237 1193 434 1251 poterat
455 1187 497 1235 is
520 1189 750 1252 probare,
788 1204 906 1235 cum
930 1187 1125 1235 caeteris
1151 1187 1344 1236 civibus
1369 1205 1447 1239 ro-

123 1270 282 1318 manis
313 1276 438 1333 aput
470 1270 857 1333 praecedentium
890 1278 1176 1336 temporum
1211 1288 1445 1321 censores

123 1353 258 1402 bona
280 1370 373 1401 sua
404 1354 698 1418 professum.
768 1353 839 1401 Et
857 1353 955 1402 hoc
988 1354 1239 1402 coloratur
1272 1355 1448 1403 absen-

123 1436 205 1484 tiae
230 1436 547 1494 adlectione,a
569 1437 710 1501 quod
744 1453 857 1484 eum
881 1441 1080 1484 constet
1100 1436 1201 1484 illis
1236 1436 1449 1486 censori·

123 1519 222 1568 bus
246 1527 296 1568 et
333 1520 510 1568 Romae
532 1537 634 1567 non
668 1519 833 1576 fuisse,
861 1536 920 1567 ac
944 1525 1213 1584 propterea
1237 1535 1445 1568 censum

126 1619 225 1651 non
249 1603 504 1651 detulisse.

191 1685 316 1734 Cum
344 1684 419 1733 .L.
446 1684 701 1732 LUCULLO
723 1699 864 1732 APUT
894 1700 1208 1733 EXERCITUM
1246 1701 1444 1733 rmssE.

191 1768 254 1817 In
279 1768 406 1817 Asia
429 1766 618 1815 scilicet
638 1774 864 1831 tempore
885 1768 1003 1817 belli
1027 1767 1380 1816 Mithridatici.

197 1851 277 1899 ΕΤ
312 1866 714 1899 TESTAMENTUM
740 1866 877 1899 sAEPE
915 1867 1071 1900 FECIT
1106 1867 1328 1899 NOSTRIS
1366 1867 1449 1899 LE-

129 1951 304 1983 omns,

196 2019 247 2067 A
283 2017 510 2082 partibus
533 2018 599 2064 ad
633 2023 813 2065 totum.
883 2017 1062 2066 Rebus
1097 2017 1250 2080 gestis
1274 2034 1450 2081 quam-

130 2101 361 2166 plurimis
392 2100 634 2148 Archiam
669 2100 809 2163 signa
831 2100 1050 2149 edidisse
1075 2100 1208 2149 Civis
1236 2099 1316 2147 .R.
1340 2117 1448 2163 quae

130 2203 228 2234 non
252 2191 446 2250 poterat
468 2184 654 2232 habere
675 2183 982 2248 peregrinus,

198 2271 475 2325 Qmmum
500 2283 740 2317 DENIQUE
765 2283 912 2315 ALEAE
937 2281 1196 2314 QUANTUM
1223 2263 1394 2312 PILAE.b
1512 2271 1557 2306 N.
1583 2275 1630 2306 13.

200 2354 329 2401 Sunt
350 2351 482 2400 enim
503 2351 625 2408 haec,
651 2356 708 2398 ut
729 2350 879 2413 vulgo
903 2347 1248 2412 comperimus,
1269 2363 1450 2410 genera

130 2436 385 2483 ludorum.

197 2520 332 2573 QUIS
355 2534 532 2567 ANIMO
556 2533 668 2565 TAM
694 2531 924 2564 AGRESTI
952 2529 1018 2561 ΕΤ
1044 2529 1186 2562 DURo
1212 2528 1352 2569 FUIT,
1380 2529 1447 2560 UT
1512 2532 1559 2567 N.
1579 2535 1630 2567 15,

134 2602 302 2651 Rosm
327 2618 507 2651 MORTE
534 2617 644 2649 NON
672 2596 1033 2647 MOVERETUR?

181 2756 196 2772 ²
220 2753 343 2787 Codex
360 2755 409 2788 sic
426 2753 619 2795 adlectione,
635 2764 702 2786 nec
716 2753 819 2786 male.

181 2798 195 2819 δ
218 2800 287 2834 Pro
303 2801 370 2834 hoc
385 2805 490 2836 textu
504 2801 631 2835 Codex
647 2800 773 2835 habet:
801 2798 891 2839 Quia
907 2797 1014 2845 eloqui
1025 2795 1112 2844 pila,
1130 2796 1402 2842 corruptissime.
