1971 3263
676 292 744 327 m·
783 290 1070 327 CURIONEM.
1469 296 1528 341 ll

227 388 685 438 concertationibus
717 395 833 438 ante
853 389 1113 446 iudicium,
1151 388 1228 438 .P.
1267 388 1479 439 Clodius
1502 409 1533 440 a

224 472 510 520 turbulenta
561 473 897 529 multitudine,
947 491 1010 521 ne
1066 489 1268 522 causam
1326 473 1530 532 diceret,

221 570 322 603 non
339 555 448 603 sine
467 555 658 620 impetu
681 556 939 604 seditionis
957 557 1164 606 adiutus
1184 563 1288 605 est:
1325 564 1531 607 auctore

221 637 371 685 huius
389 639 770 702 conspirationis
807 641 884 695 .Q.
922 639 1068 688 Fufio
1093 640 1284 690 Caleno
1301 640 1531 689 Tribuno

223 719 434 778 PlebiS,a
479 723 624 770 cuius
666 723 968 772 mentionem
1015 724 1364 772 creberrimam
1411 723 1533 772 Tul-

219 803 318 852 lius
352 805 401 852 in
442 805 726 869 Filippicisb
764 807 1076 855 orationibus
1111 807 1264 864 facit,c
1299 808 1532 856 obstante

219 903 336 935 vero
376 887 522 951 pened
572 890 803 938 universo
845 897 1023 938 senatu
1064 907 1157 955 pro
1203 890 1534 938 sanctimonia

219 969 516 1032 religionum
557 972 796 1020 adversus
839 974 1024 1021 crimen
1065 973 1255 1021 incesti.
1325 973 1531 1022 Iudices

217 1130 242 1149 “
265 1133 303 1165 et
331 1132 419 1173 aliae,
449 1136 486 1166 et
513 1144 576 1177 pro
607 1134 680 1167 Ser.
705 1133 833 1167 Fulvio
861 1134 905 1167 de
931 1134 1082 1175 incestu,
1113 1133 1242 1167 nobilis
1272 1134 1395 1168 oratio.
1457 1134 1534 1168 No·

218 1178 241 1195 ‘⁶
264 1177 320 1211 bis
363 1178 504 1222 quidem
547 1181 674 1223 pueris,
714 1181 874 1214 omnium
914 1181 1048 1224 optima
1093 1181 1298 1224 putabatur,
1340 1191 1420 1223 quae
1459 1181 1532 1214 iam

220 1223 242 1241 “
266 1224 328 1257 vix
365 1230 547 1269 comparet
582 1227 618 1260 in
659 1227 725 1260 hac
765 1227 869 1260 turba
904 1237 1077 1260 novorum
1112 1227 1367 1260 voluminum?
1434 1226 1533 1260 Tum

220 1270 242 1288 ·‘
268 1271 368 1304 addit
398 1274 419 1288 “
445 1273 556 1316 Atqui
581 1272 669 1312 haec,
694 1274 840 1317 inquam
865 1274 910 1306 de
934 1273 1072 1306 incestu
1097 1273 1243 1306 laudata
1269 1272 1392 1306 Oratio
1416 1273 1534 1316 pueri-

219 1317 242 1334 “
266 1316 309 1349 lis
333 1319 388 1350 est
415 1318 500 1350 locis
528 1319 663 1352 multis:
699 1320 743 1352 de
767 1330 897 1355 amore.
922 1319 967 1352 de
994 1319 1191 1358 tormentis,
1215 1319 1260 1352 de
1284 1329 1436 1359 rumore,
1462 1320 1533 1352 loci

219 1364 241 1380 “
266 1374 351 1397 sane
373 1363 519 1397 inanes:
550 1370 793 1399 verumtamen
820 1366 979 1398 nondum
1003 1365 1093 1398 tritis
1120 1369 1320 1399 nostrorum
1346 1365 1533 1399 hominum

219 1410 240 1427 “
266 1410 420 1449 auribus,
445 1421 510 1443 nec
534 1411 673 1443 erudita
698 1411 851 1449 civitate,
868 1411 1078 1444 tolerabiles.
1128 1411 1275 1454 Scripsit
1296 1415 1335 1445 et
1352 1412 1422 1444 alia
1444 1422 1533 1445 nun-

218 1457 240 1474 “
265 1457 372 1496 nulla,
384 1461 417 1489 et
432 1457 544 1489 multa
560 1457 651 1489 dixit
664 1462 699 1489 et
711 1457 869 1496 illustria,
885 1460 920 1490 et
934 1458 970 1489 in
983 1467 1131 1490 numero
1141 1463 1370 1501 patronorum
1382 1457 1465 1492 fuit:
1491 1462 1534 1492 ut

218 1503 240 1522 “
264 1513 346 1535 eum
362 1504 464 1536 mirer
482 1528 489 1535 .
516 1528 523 1536 .
550 1505 733 1536 consulem
749 1514 819 1536 non
837 1503 977 1536 fuisse.”

263 1548 469 1582 Secundum
494 1548 685 1581 Curionem
715 1549 801 1582 dicit
824 1550 1017 1582 Consulem
1045 1559 1128 1582 cum
1161 1549 1314 1583 Octavio
1342 1550 1467 1585 Cicero
1494 1551 1532 1585 in

219 1594 338 1638 Opere
369 1595 494 1628 eodem
528 1603 587 1627 Lx.
636 1595 756 1628 Huius
784 1606 867 1628 vero
897 1596 995 1628 laudi
1024 1596 1184 1628 oratoriae
1212 1596 1442 1630 vehementer
1470 1598 1532 1631 ob-

213 1643 346 1674 uectat
377 1652 478 1684 capp.
508 1650 693 1674 le—LXI.
758 1642 816 1674 Sic
842 1645 961 1674 tamen
994 1642 1196 1685 concludit:
1234 1644 1256 1659 “
1276 1642 1415 1684 Orator,
1442 1644 1532 1677 vivis

216 1689 240 1706 ‘⁶
265 1687 341 1720 eius
357 1687 567 1730 aequalibus,
586 1688 768 1730 proximus
785 1688 926 1730 optimis
950 1687 1215 1727 numerabatur,
1241 1692 1387 1731 propter
1408 1690 1532 1723 verbo-

213 1734 238 1752 “
261 1744 339 1767 rum
356 1734 564 1769 bonitatem,
581 1737 618 1766 et
634 1733 840 1776 expeditam
858 1744 898 1766 ac
911 1734 1146 1776 profluentem
1163 1734 1427 1776 quodammodo
1440 1736 1532 1776 cele:

215 1781 238 1800 “
253 1780 405 1814 ritatem.
454 1780 583 1823 Itaque
599 1780 675 1812 eius
692 1781 868 1812 orationes
884 1779 1132 1823 adspiciendas
1148 1784 1269 1813 tamen
1287 1790 1416 1814 censeo
1439 1783 1532 1817 etc.''

264 1826 322 1859 De
339 1827 441 1860 tertio
459 1826 613 1859 Curione
630 1826 680 1859 sic
701 1827 821 1859 scribit
837 1837 913 1870 cap.
941 1834 1070 1859 Lxxx1.
1118 1828 1136 1842 ‘⁸
1154 1826 1276 1870 Atque
1292 1826 1348 1859 hic
1366 1838 1387 1860 a
1402 1829 1532 1872 magis-

216 1873 240 1891 “
254 1873 319 1905 tris
333 1883 461 1916 parum
477 1873 673 1909 institutus.
683 1879 847 1905 naturam
862 1873 986 1906 habuit
999 1872 1241 1906 admirabilem
1259 1874 1306 1906 ad
1319 1873 1528 1909 dicendum:

215 1920 237 1937 “
253 1918 464 1952 industriam
491 1929 559 1951 non
585 1930 662 1952 sum
689 1923 874 1962 expertus:
900 1919 1060 1952 studium
1085 1922 1179 1952 certe
1196 1919 1294 1952 fuit.’'
1341 1919 1399 1953 De
1424 1920 1529 1954 huius

216 1975 305 1999 nece
318 1965 365 1999 V.
383 1965 561 1999 Caesarem
578 1965 666 1999 Bell.
684 1966 750 1998 εἰν.
769 1968 821 1998 ll.
838 1968 894 1998 42.

263 2011 436 2045 Curiones
449 2012 710 2045 recensetinter
727 2013 893 2045 Oratores
910 2011 1017 2044 etiam
1037 2011 1177 2045 Auctor-
1191 2011 1334 2056 Dialogi
1350 2012 1390 2046 de
1405 2013 1530 2047 caussis

216 2065 382 2103 corrupta?
397 2057 590 2103 eloquentioe
605 2069 682 2102 cap.
699 2067 846 2092 xxxvn.

263 2109 279 2125 ²
302 2105 481 2138 Asconius
509 2105 555 2137 ad
583 2104 681 2138 Orat.
698 2115 760 2148 pro
778 2105 857 2137 Mil.
874 2113 909 2148 p.
928 2106 1004 2137 197.
1031 2103 1127 2137 Edit.
1144 2104 1264 2147 Lugd.
1300 2104 1427 2139 BataV.
1446 2106 1529 2139 anni

217 2159 414 2185 MDchxv.
430 2161 500 2194 qua
515 2161 581 2183 nos
598 2161 736 2194 semper
749 2151 893 2191 utimur,
909 2152 1027 2182 narrat
1041 2161 1048 2183 :
1084 2151 1105 2167 ‘⁶
1122 2161 1187 2193 per
1201 2150 1287 2184 hunc
1309 2151 1447 2195 Fufium
1464 2163 1529 2185 seu

216 2200 238 2215 ‘⁶
253 2197 397 2232 Fusium
412 2198 472 2230 illo
489 2200 657 2240 tempore,
674 2208 744 2241 quo
760 2197 804 2230 de
819 2198 958 2230 incestu
975 2196 1013 2230 P.
1032 2196 1149 2229 Clodii
1165 2200 1285 2230 actum
1301 2202 1365 2239 est,
1382 2197 1528 2242 factum,

216 2245 238 2262 “
255 2255 301 2278 ne
315 2255 335 2277 a
352 2248 476 2277 senatu
493 2243 650 2286 asperius
666 2243 945 2277 decerneretur.”

260 2289 276 2311 ¹²
301 2291 360 2324 Sic
386 2289 580 2335 Filippieis:
613 2289 766 2323 Retineo
794 2294 915 2322 autem
939 2289 1123 2332 antiquam
1160 2289 1458 2333 orthographiam,
1483 2290 1528 2324 de

215 2348 286 2382 qua
302 2337 427 2370 Cicero
441 2337 570 2371 Orator
586 2345 715 2371 xrvm.
728 2336 804 2369 haec
819 2336 881 2369 ait:
909 2337 929 2352 “
943 2337 1098 2369 Pin-rum
1111 2346 1250 2380 semper
1264 2336 1414 2377 Ennius,
1425 2347 1530 2371 num-

215 2386 238 2402 ⁴‘
255 2394 362 2428 quam
388 2383 576 2427 Pyrrhum.
629 2382 672 2416 Vi
684 2383 911 2428 patefecermit
936 2382 1073 2427 fruges
1086 2395 1096 2415 .-
1124 2392 1193 2415 non
1220 2383 1391 2428 Phryges,
1416 2383 1528 2427 ipsius

215 2431 237 2448 ‘¹
254 2430 390 2474 antiqui
406 2422 590 2463 declarant
605 2429 694 2463 libri.
744 2430 776 2462 N
780 2440 821 2462 ec
838 2429 932 2462 enim
949 2438 1103 2471 graecam
1118 2428 1272 2462 litteram
1290 2429 1526 2464 adhibebant:

216 2478 237 2494 “
253 2486 349 2510 nunc
375 2480 495 2510 autem
520 2476 626 2509 etiam
644 2476 754 2511 duas:
781 2480 817 2508 et
841 2486 923 2508 cum
948 2474 1143 2519 Phrygum,
1160 2477 1196 2507 et
1220 2486 1303 2508 cum
1328 2475 1529 2521 Phrygibus

216 2524 238 2542 ‘·
254 2522 446 2556 dicendum
474 2525 579 2559 esset,
607 2522 798 2556 absurdum
831 2525 907 2554 erat
934 2524 996 2554 aut
1024 2523 1165 2554 tantum
1196 2521 1354 2555 barbaris
1385 2522 1528 2555 casibus

216 2570 239 2587 “
255 2579 409 2612 graecam
434 2570 588 2602 litteram
614 2569 791 2609 adbibere,
821 2572 882 2602 aut
904 2571 1002 2601 recto
1024 2577 1110 2599 casu
1135 2568 1249 2601 solum
1275 2578 1391 2612 graece
1407 2567 1526 2612 loqui:

218 2618 240 2647 ‘t
256 2618 377 2649 tamen
393 2619 429 2649 et
446 2615 617 2661 Phryges,
638 2619 674 2648 et
691 2615 864 2659 Pyrrhum
880 2613 1020 2648 aurium
1044 2623 1153 2647 causa
1172 2613 1334 2649 dicimus,
1354 2613 1401 2648 V.
1417 2614 1528 2649 etiam

218 2664 239 2679 “
258 2661 406 2702 Quintil.
418 2663 507 2695 Inst.
519 2663 579 2695 lib.
597 2671 620 2695 1.
637 2672 714 2706 cap.
731 2662 789 2696 V.''

263 2711 278 2728 θ
301 2708 396 2741 Vide
422 2708 617 2753 praesertim
649 2709 844 2743 Octavam:
879 2710 958 2742 tum
989 2706 1189 2749 Decimam,
1220 2705 1459 2743 Unde-cimam
1490 2708 1528 2741 et

218 2753 489 2790 Duodecimam.

264 2798 280 2821 ‘¹
304 2801 403 2836 Pone
417 2800 589 2846 hocloco,
603 2803 640 2836 at
653 2801 736 2836 alibi
751 2802 822 2836 fere
839 2810 978 2845 semper
994 2799 1157 2836 scribitur
1170 2811 1272 2846 pce-ne.
