1918 3254
551 313 652 349 PRo
692 314 930 351 PLANCIO.
1330 315 1396 361 93

96 409 332 462 Cinnanis
364 409 416 458 in
453 409 652 458 Italiam
675 411 952 469 restitutus,
993 415 1042 459 et
1075 409 1288 474 adeptus
1313 409 1401 458 de-

93 495 247 560 nique
269 493 537 559 septimum
563 494 892 542 consulatum.

160 578 317 633 QUOD
372 593 446 625 ME
502 593 605 625 VEL
651 592 707 623 VI
753 591 964 623 PULSUM
1002 592 1104 623 VEL
1157 590 1399 624 RATIONE

94 676 402 709 CEDENTEM.

160 744 445 792 Prudenter
467 744 563 792 hoc
600 741 878 807 suspendit,
914 759 976 788 ne
1012 747 1100 789 aut
1135 743 1402 790 damnatus

94 834 182 874 aut
205 828 324 875 exul
344 827 499 875 fuisse
518 843 759 891 umquam
779 825 1042 873 videretur.
1097 825 1167 873 Et
1184 824 1256 872 vis
1272 825 1402 873 enim

93 911 323 975 proprior
367 916 444 958 est
482 910 670 958 iniuriae
711 926 864 974 quam
909 908 1260 957 accusationis.
1332 907 1402 955 Et

90 993 233 1049 ratio,
281 1010 380 1056 qua
425 1009 478 1039 Se
519 992 642 1039 dicit
677 993 915 1039 maluisse
961 992 1103 1041 Urbe
1149 992 1399 1048 recedere,

90 1081 376 1139 respectum
414 1073 653 1121 habuisse
695 1081 862 1137 potest
903 1075 1132 1122 utilitatis
1167 1075 1401 1138 publicae,

90 1175 153 1205 ne
178 1157 461 1221 periculosa
483 1156 652 1204 multis
677 1156 858 1204 seditio
882 1164 1183 1226 moveretur.

161 1239 270 1288 ch
308 1255 400 1287 EST
441 1255 531 1288 QU1
569 1255 1054 1287 ADULESCENTULUS
1097 1256 1205 1288 CUM
1247 1240 1403 1289 AULO

91 1322 389 1372 TORQUATO
446 1337 747 1369 PROFECTUS
792 1322 842 1369 in
886 1322 1141 1371 AFRICAM
1197 1340 1277 1372 Slc
1335 1339 1403 1372 AB

96 1419 218 1452 ILLo
254 1420 585 1452 GRAVISSIMO
622 1420 755 1452 leo
791 1421 1050 1453 DILECTUS
1089 1423 1196 1454 EST.

169 1489 454 1536 Anteactae
488 1488 598 1536 vitae
631 1488 796 1536 officia
826 1494 1150 1536 recensentur
1185 1491 1406 1552 quadam

94 1570 322 1618 subiecta
343 1572 625 1618 narratione
639 1569 652 1593 s
669 1578 962 1618 numerante
982 1571 1195 1619 Oratore
1219 1572 1405 1636 quibus

94 1653 218 1701 locis
243 1654 530 1718 quibusque
553 1653 864 1717 temporibus
889 1661 939 1701 et
962 1654 1246 1702 cuiusmodi
1281 1656 1408 1703 viro-

94 1752 205 1784 rum
220 1736 408 1784 iudicio
435 1737 549 1784 Gn.
573 1735 753 1784 Planci
773 1754 936 1786 mores
955 1739 1270 1802 comprobati
1291 1739 1406 1786 sint.

97 1820 251 1875 Quod
286 1819 452 1884 ipsum
491 1819 656 1867 statim
691 1820 955 1884 vigilanter
988 1838 1107 1885 erga
1139 1838 1406 1885 personam

95 1901 343 1964 Torquati
380 1902 514 1959 facit,
555 1902 694 1950 cuius
727 1904 1021 1966 gravitatem
1061 1912 1110 1952 et
1145 1905 1409 1952 sanctimo-

96 1984 233 2032 niam
253 2001 352 2032 non
386 1984 548 2032 otiose
570 1986 868 2034 testificatus
893 1995 982 2044 est,
1009 1988 1097 2034 Sed
1123 2005 1225 2051 quo
1248 1988 1408 2051 magis

98 2067 342 2115 Plancius
382 2074 656 2125 ornaretur,
700 2086 847 2132 quem
882 2069 1187 2117 familiariter
1219 2070 1304 2117 ille
1338 2072 1409 2119 di-

97 2151 290 2199 lexerit.
305 2158 322 2182 g
388 2151 458 2199 Et
471 2152 708 2215 quoniam
732 2151 1024 2215 Torquatus
1040 2152 1174 2200 idem
1190 2170 1407 2216 praesens

98 2251 197 2282 non
216 2241 335 2292 erat,
353 2234 402 2282 in
421 2235 525 2283 eius
543 2236 820 2299 patruelem
836 2237 1190 2284 conferendam
1213 2237 1409 2300 putavit

95 2317 254 2366 vicem
278 2318 557 2376 testimonii,
578 2325 634 2366 ut
653 2319 858 2383 perinde
881 2320 1162 2377 haberetur,
1187 2326 1340 2385 atque
1364 2321 1406 2369 si

98 2402 298 2450 adesset
316 2401 374 2459 iS,
395 2402 539 2450 cuius
559 2401 772 2451 validior
793 2411 925 2450 esset
943 2402 1233 2451 auctoritas.

164 2485 304 2533 FUIT
329 2501 387 2533 IN
410 2484 592 2534 CRETA
617 2500 817 2533 PosTEA
847 2500 1291 2534 CONTUBERNALIS
1316 2485 1407 2534 SA-

143 2713 158 2730 θ
182 2709 316 2745 Melius
331 2712 507 2746 diceretur
521 2719 693 2748 anteactae.

144 2755 159 2776 f
176 2756 338 2801 Spatium
359 2760 398 2792 in
413 2759 556 2803 Codice,
581 2762 677 2805 quod
693 2759 928 2805 supplendum
946 2760 1053 2795 verbo
1072 2759 1190 2805 aliquo
1208 2759 1319 2794 latino
1343 2762 1405 2793 aut

98 2813 214 2847 graeco
230 2815 275 2837 cx
291 2805 503 2841 coniectura.
553 2806 622 2842 Dic
637 2819 671 2844 v.
685 2819 718 2853 g.
732 2806 938 2842 narratione.

144 2854 162 2877 g
185 2849 273 2886 Cod.
287 2851 421 2887 dixerii.

1469 1248 1568 1283 Edit.

1446 1296 1491 1331 N.
1508 1298 1588 1332 274.
