1918 3254
297 851 394 885 Edit.

466 241 557 284 130
887 240 944 275 IN
976 238 1271 273 CATILINAM
1301 238 1369 273 lv.

530 337 647 386 Hoc
685 351 925 384 AUCTORE
971 351 1036 383 ET
1071 350 1375 383 COGNITORE
1406 351 1632 384 HUIUSCE
1659 352 1776 384 SEN-

464 435 692 469 TENTIAE.

530 501 783 563 Cognitor,
804 499 937 548 idest
961 499 1196 548 defensor
1219 507 1269 548 et
1304 500 1449 564 quasi
1482 507 1778 566 procurator

463 593 512 633 et
541 589 783 648 patronus
809 583 932 640 eius,
967 600 1118 646 quam
1154 584 1307 631 laudo
1343 584 1614 633 sententiae.
1685 584 1778 634 Co-

463 665 628 728 gnitor
651 672 820 712 autem
852 672 1151 729 procurator
1181 672 1304 723 erat,
1342 665 1428 729 qui
1459 666 1631 714 aderat
1657 683 1778 731 prae-

464 747 628 795 senti.n

529 831 745 879 ABESSE
771 846 1168 880 NONNEMINEM.

532 913 795 967 Quosdam
831 912 1077 976 significat
1116 914 1462 962 adsentatores
1498 913 1779 963 coniurato-

462 1014 590 1045 rum.
663 996 826 1045 Erant
848 1002 1015 1044 autem
1038 997 1265 1053 Clodius,
1286 996 1422 1054 Piso,
1449 1003 1498 1044 et
1516 996 1777 1053 Gabinius,

464 1080 553 1143 qui
592 1079 643 1126 in
689 1086 918 1127 senatum
960 1079 1127 1126 venire
1166 1078 1444 1135 noluerant,
1486 1079 1685 1142 nequod
1728 1079 1778 1126 in

464 1161 753 1209 coniuratos
773 1161 1081 1224 supplicium
1107 1161 1426 1223 depromere⁰
1454 1168 1777 1223 cogerentur:

465 1260 595 1308 quos
619 1244 814 1291 scilicet
837 1244 1182 1291 adsentatores
1209 1241 1445 1289 Catilinae·
1470 1242 1623 1290 fuisse
1647 1259 1780 1292 coni-

464 1332 663 1390 pertun]
691 1332 804 1372 est.p
1238 1327 1242 1329 ’

513 1539 528 1555 ¹¹
554 1535 733 1576 Quoniam
749 1533 955 1568 Asconiana
971 1535 1191 1578 suspicamur
1207 1534 1283 1568 llaec
1296 1535 1449 1575 Scholia,
1465 1536 1687 1571 conferamus
1699 1548 1780 1572 oum

465 1581 534 1616 hoc
550 1582 629 1615 loco
643 1582 761 1615 locum
779 1581 924 1614 Asconii
942 1581 987 1614 ad
1004 1581 1122 1615 Divin.
1137 1581 1175 1614 in
1195 1581 1291 1616 Verr.
1307 1592 1356 1615 w.
1374 1593 1407 1627 p.
1424 1585 1480 1616 20.
1528 1583 1782 1619 Commentans

466 1629 563 1662 enim
578 1629 616 1661 in
630 1628 720 1660 illud
737 1627 918 1661 Ciceronis
932 1627 1148 1673 Cognitorem
1163 1627 1250 1661 iuris
1263 1629 1327 1670 sni,
1347 1629 1425 1662 haec
1450 1629 1570 1663 scribit
1587 1630 1782 1665 Asconius:

467 1676 488 1692 “
506 1674 579 1715 Qui
591 1673 748 1707 defendit
760 1675 908 1707 alterum
920 1674 957 1706 in
971 1673 1115 1713 iudicio,
1133 1678 1195 1707 aut
1206 1675 1380 1708 Patronus
1394 1675 1532 1716 dicitur,
1544 1676 1573 1709 si
1587 1679 1702 1710 orator
1713 1680 1782 1717 est;

514 1722 536 1737 ‘⁴
553 1721 630 1755 Aut
645 1720 864 1762 Advocatus,
880 1720 909 1752 si
926 1725 988 1753 aut
1002 1720 1058 1753 ius
1075 1721 1242 1764 suggerit,
1259 1724 1321 1754 aut
1335 1722 1558 1765 praesentiam
1572 1733 1672 1756 suam
1687 1734 1783 1758 com-

469 1768 492 1785 “
509 1767 633 1800 modat
643 1766 757 1799 amico
770 1780 778 1806 ;

513 1816 536 1830 ‘⁴
553 1814 630 1847 Aut
644 1813 870 1852 Procurator,
887 1812 915 1845 si
931 1813 1113 1855 negotium
1136 1813 1301 1856 suseipit3

514 1860 537 1877 “
551 1860 628 1893 Aut
659 1859 829 1902 Cognitor
853 1859 881 1891 si
912 1859 1096 1903 praesentis
1126 1870 1272 1893 causam
1298 1860 1408 1901 novit,
1433 1862 1470 1894 et
1500 1860 1551 1895 sic
1584 1863 1712 1905 tuetur,
1743 1867 1784 1898 ut

468 1906 491 1924 “
511 1916 624 1938 suam.

515 1954 536 1969 “
555 1952 651 1994 Ergo
668 1951 894 1994 Cognitorein
913 1952 1004 1984 dixit
1021 1952 1137 1988 modo,
1155 1951 1463 1986 familiarissimum
1481 1953 1734 1988 defensorem?

515 1998 607 2032 Item
626 1998 671 2031 ad
685 1998 783 2030 Orat.
799 1998 834 2030 in
854 1998 949 2031 Vaerr.
967 1999 1007 2031 de
1014 2004 1116 2043 proet.
1129 1997 1200 2032 urb.
1218 2008 1253 2032 V.
1269 2010 1303 2043 p.
1319 2003 1375 2034 72.
1390 1999 1485 2033 idem
1498 2001 1674 2035 Asconius
1689 2001 1725 2035 in
1742 2013 1785 2036 ea

469 2045 575 2078 verba
591 2043 661 2081 Qui
678 2044 876 2089 cognitores
898 2044 1043 2077 homines
1068 2045 1135 2078 ait:
1162 2048 1182 2061 “
1200 2044 1283 2079 Hoc
1300 2056 1414 2088 genus
1439 2046 1631 2080 defensoris
1651 2047 1688 2081 in
1708 2047 1783 2082 iure.¹

468 2091 641 2134 Cognitor
669 2091 808 2129 dicitur,
839 2091 994 2124 inaximo
1027 2101 1107 2124 cum
1138 2091 1182 2124 de
1213 2092 1361 2125 alicuius
1388 2095 1484 2126 statu
1514 2094 1640 2137 agitur.
1700 2094 1782 2140 Ipse

469 2137 513 2181 (C
517 2137 628 2177 icero>
644 2137 738 2174 alibi,
755 2136 970 2182 Cognitorem
989 2138 1073 2171 iuris
1088 2137 1171 2171 sui.'’

514 2188 529 2202 ⁰
555 2183 708 2217 Videtur
724 2184 987 2217 emendandum
1001 2185 1183 2218 decernere.
1230 2185 1324 2219 Nam
1337 2189 1373 2219 et
1382 2185 1438 2219 hic
1452 2185 1568 2220 codex
1582 2185 1703 2220 multis
1715 2187 1784 2222 evi-

469 2230 637 2263 dentibus
653 2230 790 2262 mendis
812 2230 958 2264 laborat.

516 2281 531 2300 p
559 2277 598 2310 Ρ.
616 2276 783 2310 Clodium
795 2276 930 2310 socium
947 2277 1109 2310 Catilinae
1126 2277 1211 2311 dicit
1227 2281 1346 2312 noster
1369 2278 1548 2322 Interpres
1568 2280 1612 2312 ad
1630 2279 1726 2313 Orat.
1744 2279 1784 2313 de

469 2335 536 2356 <tre
552 2322 660 2356 alieno
678 2322 725 2355 M
726 2321 824 2356 ilom‘s
838 2335 871 2367 p.
883 2326 939 2357 35.
958 2329 993 2356 et
1010 2325 1187 2358 Asconius
1202 2325 1247 2357 ad
1264 2325 1361 2359 Orat.
1369 2337 1436 2371 pro
1448 2324 1580 2359 Milone
1593 2335 1672 2360 xxi.
1686 2325 1783 2360 Edit.

470 2369 588 2412 Lugd.
608 2370 735 2403 Bamv.
753 2380 833 2403 ann.
856 2373 952 2404 1675.
969 2381 1003 2414 p.
1019 2373 1098 2405 201.

516 2416 559 2448 L.
576 2415 809 2459 Calpurnium
827 2416 991 2450 Pisonem
1019 2420 1054 2450 et
1077 2417 1210 2450 Aulum
1229 2417 1430 2451 Gabinium.
1447 2420 1566 2451 narrat
1582 2418 1706 2452 Cicero
1719 2429 1783 2463 pro

470 2461 583 2495 Domo
599 2475 657 2495 sua
676 2471 781 2495 xxiv.
799 2463 948 2496 alterum
965 2463 1127 2496 Catilinae
1145 2463 1298 2501 delicias,
1316 2465 1467 2498 alterum
1482 2464 1630 2508 Cethegi
1646 2465 1784 2510 (coniu-

466 2509 534 2541 rati
551 2519 632 2541 cum
649 2508 819 2550 Catilina)
832 2509 1081 2543 consobrinum
1101 2520 1138 2542 se
1154 2509 1249 2553 ipsos
1262 2511 1403 2544 dixisse.

515 2555 599 2588 Sine
617 2554 725 2587 dubio
739 2560 859 2587 autom
872 2556 935 2589 hos
949 2556 1038 2589 duos
1055 2556 1139 2589 dicit
1151 2556 1218 2590 hoc
1231 2558 1309 2590 loco
1326 2557 1538 2590 Scholiastes
1552 2559 1672 2591 noster
1687 2557 1784 2590 Cati-

467 2600 550 2634 linae
566 2601 818 2642 adsentatores,
836 2612 907 2635 non
925 2603 966 2635 C.
996 2603 1157 2636 Pisonem
1175 2607 1211 2636 ct
1227 2604 1267 2636 P.
1285 2603 1489 2637 Gabinium.
1535 2603 1629 2638 Nam
1642 2604 1684 2637 C.
1699 2604 1782 2637 Piso

468 2648 665 2680 coniurant
688 2648 833 2691 quidem
857 2660 940 2682 cum
963 2649 1128 2690 Catilina,
1150 2660 1224 2682 non
1248 2653 1368 2683 tamen
1394 2649 1448 2683 M.
1463 2650 1580 2683 Tullio
1604 2651 1698 2691 Cos,
1718 2649 1783 2683 scd

468 2692 608 2726 «luobus
626 2698 708 2727 anto
725 2694 826 2727 annis
844 2695 884 2728 L.
909 2696 1016 2728 Cotta
1032 2700 1068 2728 ct
1087 2697 1127 2729 L.
1143 2696 1325 2740 Torquato
1350 2696 1449 2729 Coss.
1476 2697 1518 2730 Id
1535 2701 1685 2730 testatur
1705 2696 1781 2735 Sa]-

467 2739 593 2772 lustjus
610 2740 701 2774 Bell.
727 2741 832 2775 Gaul.
855 2742 939 2776 edit.
958 2743 1067 2776 Paris.
1088 2745 1188 2778 1674,
1204 2754 1239 2788 p.
1259 2745 1312 2786 15,
1327 2748 1404 2777 tum
1420 2743 1528 2777 ctiam
1544 2744 1720 2777 Asconius
1736 2741 1782 2775 ad
