1971 3263
596 308 963 344 DlssERTATro.
1338 289 1427 336 xix

191 419 291 470 XI.
326 420 433 468 Iam
456 436 547 484 ego
571 421 750 483 quibus
773 416 1036 467 momentis
1058 414 1295 462 inductus
1327 413 1426 460 As-
1443 414 1650 496 Ifrrofffiffi

1585 488 1605 503 ι,

1444 511 1562 541 menta
1593 505 1648 543 ‚ob

1443 567 1522 599 quae
1555 554 1651 586 Ano-

1445 611 1572 644 nymus
1590 599 1651 650 In-

1444 655 1576 690 lerpres
1600 655 1652 697 'ln

124 713 420 778 priusquam
457 714 733 776 adgrediar,
771 729 1002 774 magnum
1031 711 1149 758 huic
1175 710 1425 758 sententiae
1445 695 1652 782 Jfflsssffgss‘

126 519 320 567 conium
352 536 432 566 me
465 519 516 566 in
554 518 892 567 Ambrosiano
934 515 1259 580 palimpsesto
1298 512 1426 560 inre-

125 616 258 664 nisse
301 617 523 673 arbitrer,
573 616 785 663 breviter
826 630 1089 676 exponam.
1160 612 1221 659 Id
1265 620 1425 659 autem

124 814 325 876 pondus
376 814 575 860 afferam
635 810 1088 859 Ambrosianorum
1142 809 1422 857 Doctorum
1444 793 1564 876 p‘ssffl'ls
1599 793 1654 861 ῘΘῘῘ

125 912 424 959 auctoritate
449 910 614 957 citata.
674 909 909 971 Namque
929 909 1005 955 his
1031 926 1186 970 quum
1205 925 1297 972 ego
1319 925 1428 955 mea
1445 876 1652 958 {leiditisfw

126 1009 191 1056 de
215 1009 438 1056 Asconio
461 1025 621 1072 nuper
640 1025 667 1054 a
690 1024 768 1054 me
790 1015 988 1069 reperto
1009 1017 1301 1068 argumenta
1325 1025 1432 1072 per-

124 1108 390 1171 pendenda
424 1123 766 1171 proponerem,
818 1107 913 1153 hoc
955 1106 1016 1151 ab
1052 1105 1174 1167 ipsis
1216 1105 1435 1167 gratissi-

127 1224 266 1255 mum
284 1224 578 1271 responsum
604 1205 774 1253 retuli:
803 1221 860 1251 ea
882 1204 1075 1251 idcirco
1099 1204 1436 1266 probabiliora

128 1307 300 1363 videri,
338 1307 470 1368 quod
510 1305 625 1352 olim
663 1303 887 1367 suspicio
914 1303 1085 1366 aliqua
1110 1304 1282 1350 oborta
1306 1310 1437 1351 esset

130 1403 412 1454 Asconium
432 1403 558 1449 forte
575 1401 622 1447 in
655 1401 1005 1448 Ambrosianis
1032 1402 1308 1449 Codicibus
1332 1403 1438 1450 lati-

127 1510 247 1550 tare.
319 1501 418 1549 Sed
461 1501 590 1548 euim
630 1508 741 1548 ante
786 1502 1090 1565 recognitam
1129 1503 1437 1566 exscriptam

129 1608 179 1649 et
213 1600 494 1648 ordinatam
532 1600 692 1657 huius,
732 1602 794 1648 de
835 1617 934 1664 quo
974 1602 1179 1664 agimus,
1220 1600 1438 1666 Palimp-

130 1699 247 1747 sesti
291 1698 546 1746 materiam
583 1699 779 1746 elucere
823 1701 1047 1747 nondum
1101 1716 1179 1746 res
1225 1706 1436 1762 poterat.

131 1798 283 1847 Nunc
318 1814 431 1845 vero
467 1814 624 1859 quum
665 1805 803 1845 tanta
843 1816 959 1861 pars
995 1798 1351 1846 Commentarii
1388 1800 1439 1847 in

129 1898 385 1962 publicam
416 1897 580 1944 lucem
610 1898 876 1955 emerserit,
917 1908 1155 1961 quantam
1183 1917 1242 1945 ne
1267 1906 1439 1962 praete-

130 1997 236 2044 ritae
263 1996 468 2059 quidem
506 1995 769 2043 Editiones
804 1997 1080 2058 complexa}
1112 1999 1336 2058 fuerant·7
1374 2016 1438 2046 ex

129 2102 367 2144 accurata
399 2093 658 2155 utriusque
693 2092 874 2156 Operis
912 2093 1192 2151 collatione,
1233 2098 1295 2142 de
1320 2115 1437 2145 vero

131 2195 359 2244 Auctore
382 2192 553 2240 inediti
587 2191 941 2239 Commentarii
966 2192 1084 2239 satis
1113 2195 1438 2256 prababiliter

132 2294 410 2343 coniectare
432 2293 529 2339 iam
549 2308 770 2354 possum.
799 2290 1112 2339 Coniecturae
1132 2301 1293 2340 autem
1314 2311 1436 2342 meae

132 2395 239 2442 haec
260 2395 359 2442 fere
385 2394 549 2456 capita
576 2402 705 2440 sunt.

202 2499 242 2539 l.
281 2492 598 2539 Elocutionis
637 2501 685 2539 et
729 2491 829 2538 stili
871 2508 1026 2552 genus
1068 2493 1188 2540 mihi
1230 2511 1435 2556 prorsus

130 2590 264 2637 idem
286 2590 482 2637 videtur
506 2591 556 2637 in
582 2590 773 2638 Codice
798 2590 985 2638 inedito
1011 2601 1160 2654 atque
1193 2593 1240 2639 in
1278 2595 1437 2643 Asco-

131 2688 198 2737 nii
216 2689 534 2746 editionibus,
555 2707 739 2752 purum
753 2689 982 2736 videlicet
1003 2692 1281 2755 utrobique,
1304 2712 1438 2757 pres-

132 2804 259 2844 sum,
302 2788 530 2853 simplex,
575 2790 804 2845 nitidum,
853 2789 1066 2850 elegans,
1116 2801 1166 2839 et
1209 2800 1442 2856 argentea,

130 2885 282 2935 immo
308 2903 460 2935 aurea
488 2895 630 2936 aetate
654 2889 1010 2952 dignissimum.
