1971 3263
625 343 727 380 PRO
752 344 960 380 SCAURO.
1393 346 1448 388 17

206 447 224 467 ²
257 441 354 492 Em
377 433 562 506 quibus
588 442 789 491 familiis
811 459 962 506 quam
986 441 1132 490 foedis
1152 457 1304 506 quam
1331 453 1449 489 cou-

143 525 394 573 taminatis
419 542 571 588 quam
611 524 846 587 turpibus
872 524 1004 571 datis
1030 525 1157 573 hanc
1192 525 1445 581 familiam,

143 604 344 654 Iudices
365 608 375 655 !
432 608 530 656 Em
554 608 740 674 quibus
760 608 974 655 testibus
995 607 1246 664 commoti,
1265 608 1327 655 de
1343 623 1446 671 quo

143 686 354 745 homine,
393 690 456 737 de
481 708 582 754 quo
606 708 799 755 genere,
825 691 888 737 de
913 706 1014 752 quo
1038 688 1235 735 nomine
1259 695 1450 735 senten·

143 769 239 817 tias
259 772 457 820 seratis!
529 773 944 821 Obliviscendum
970 771 1111 819 vobis
1131 771 1320 835 putatis
1348 788 1448 818 ma-

141 859 274 900 trum
305 853 354 901 in
392 855 612 912 liberos‚³
645 855 869 908 viv-orum
908 855 958 902 in
994 870 1177 900 uxores
1225 853 1448 901 scelera?
1479 912 1489 920 χ

144 929 365 984 Cernitis¹
399 938 701 985 crudelitate
738 938 921 986 mixtas
967 933 1230 995 libidines3
1266 936 1447 984 videtis

139 1018 368 1066 immanis
393 1020 611 1068 duorum
652 1021 987 1068 maximorum
1028 1019 1292 1067 criminum
1331 1036 1451 1067 auc-

137 1106 287 1158 tores,
326 1101 513 1165 quibus
542 1103 837 1151 criminibus
878 1104 986 1150 haec
1025 1108 1130 1149 tota
1169 1109 1294 1165 aput
1319 1102 1451 1164 igna-

138 1199 220 1231 ros
252 1190 342 1232 aut
379 1185 575 1232 invidos
610 1185 812 1233 famatab
846 1202 1001 1233 causa
1041 1191 1129 1241 est,
1167 1185 1302 1232 omni
1332 1183 1452 1232 faci-

137 1281 258 1313 nore
281 1272 330 1313 et
353 1266 544 1329 flagitio
577 1260 883 1316 del'ormatos
920 1266 1131 1315 habetis.
1180 1251 1254 1314 ¹N
1259 1284 1344 1314 um
1367 1267 1452 1330 igi-

141 1355 223 1396 tur
263 1348 312 1395 in
357 1349 776 1405 his-criminibus,
815 1350 1034 1406 Iudices,
1072 1356 1154 1397 rec
1190 1350 1256 1397 sit
1301 1351 1450 1398 etiam

139 1430 309 1494 aliqua
329 1430 550 1494 suspicio
572 1447 673 1479 non
697 1440 1018 1495 perpurgata,
1057 1439 1147 1480 aut
1185 1450 1284 1481 non
1321 1436 1453 1482 refu-

144 1519 264 1570 tata,
300 1530 398 1561 non
434 1513 621 1560 fracta?
690 1514 790 1567 Qui
825 1514 978 1576 igitur
1017 1515 1066 1562 id
1109 1516 1299 1563 factum
1341 1517 1452 1565 est?

142 1594 277 1649 Quia
313 1593 498 1641 dedisti
538 1595 671 1651 mihi,
708 1595 887 1652 Triari,
926 1598 1068 1659 quod
1105 1599 1364 1657 diluerem,
1400 1599 1452 1648 in

142 1694 244 1742 quo
268 1684 656 1740 argumentarer,
694 1677 758 1724 d'e
783 1694 886 1741 quo
919 1678 1246 1742 disputarem.
1318 1682 1454 1736 Quia

138 1772 299 1823 genus
322 1759 612 1807 huiusmodi
645 1760 740 1808 fuit
774 1760 1052 1816 criminum,
1092 1762 1233 1826 quod
1258 1780 1357 1812 non
1382 1772 1454 1812 to-

189 1961 202 1976 2
226 1955 284 1988 Ita
301 1954 374 1988 sine
391 1953 615 1997 aspiratione.

187 2007 204 2022 ²
228 2002 271 2035 In
288 2000 465 2044 superiore
482 2001 611 2034 lacuna
632 2001 735 2045 periit
762 2001 897 2035 facinus
913 2002 1032 2046 impiae
1049 2003 1170 2037 matris
1186 2003 1222 2036 in
1238 2004 1350 2038 filium
1366 2004 1455 2039 Bos-

143 2052 267 2089 tarem,
292 2058 407 2090 neque
424 2047 514 2080 iuter
530 2048 625 2080 edila
643 2048 840 2091 fragmenta
865 2049 950 2081 saus
976 2053 1113 2082 certum
1135 2050 1324 2092 vestigium
1349 2052 1454 2085 huius

142 2095 193 2129 rei
217 2097 373 2138 apparet.
421 2093 577 2136 Aliquod
603 2094 724 2127 lumen
751 2095 850 2128 affert
879 2095 978 2128 locus
1006 2097 1186 2129 Seven-iani
1213 2098 1252 2130 tle
1280 2098 1455 2144 Proposz't.

144 2139 356 2179 Adcersariz',
381 2139 443 2172 ubi
459 2151 503 2172 ex
520 2140 585 2173 hac
608 2140 776 2173 Oratione
794 2142 996 2184 exemplum
1015 2147 1138 2185 petens
1151 2143 1200 2176 sic
1221 2143 1286 2178 ait:
1314 2148 1334 2162 ‘⁶
1361 2145 1455 2186 Quae

138 2193 163 2205 ⁴·
188 2186 409 2221 incredibilia
431 2186 506 2218 visa
527 2186 657 2219 fuerint
686 2189 748 2219 aut
777 2187 978 2227 imbecillia,
1004 2188 1053 2220 ita
1077 2189 1240 2222 universa
1269 2194 1457 2233 ponantur,

141 2235 163 2252 “
188 2235 282 2268 sicut
307 2233 351 2266 ab
381 2232 579 2265 adversario
611 2233 706 2266 dicta
731 2237 823 2272 sunt,
858 2238 898 2266 ut
926 2237 979 2267 est
1005 2234 1109 2269 illud:
1138 2235 1320 2269 Bostarem
1348 2237 1458 2281 igitur

137 2282 161 2300 ⁴‘
185 2280 359 2326 quemdam
376 2278 560 2312 Norensem
570 2277 795 2324 fugz'entenre
811 2280 975 2313 Sardinia
991 2279 1114 2314 Scauri
1132 2282 1316 2316 adrentum.
1359 2283 1458 2316 Tum

144 2327 166 2345 ‘⁶
191 2326 324 2361 addiff'
371 2325 495 2358 Cicero
515 2325 621 2358 etiam
638 2326 792 2368 augendi
808 2326 962 2359 criminis
978 2337 1082 2360 causa
1096 2339 1103 2360 :
1127 2329 1224 2372 prins
1240 2327 1334 2361 illum
1350 2329 1458 2373 sepul-

141 2379 223 2414 tum,
259 2384 360 2418 qnam
388 2371 464 2405 huic
490 2383 615 2405 coemzm
645 2371 818 2405 sublatam.
868 2372 1020 2405 Videtur
1044 2373 1150 2415 igitur
1173 2374 1294 2407 Mater
1319 2375 1457 2408 dedisse

141 2430 285 2464 operam
309 2422 350 2452 ut
373 2418 465 2451 filius
491 2418 721 2455 occideretur,
747 2429 791 2451 ne
809 2418 895 2451 forte
921 2418 979 2451 ille
1008 2419 1073 2452 sibi
1091 2420 1233 2463 nuptias
1249 2431 1331 2454 cuni
1348 2422 1459 2455 Arine

106 2465 339 2509 =,impediret.
388 2465 437 2497 Et
453 2465 598 2508 quidem
615 2465 801 2498 Bostarem
817 2465 923 2498 fuisse
944 2466 1112 2504 occisum,
1138 2470 1236 2508 patet
1251 2468 1396 2500 omnino
1411 2478 1459 2501 ex

143 2512 325 2546 Martiano
342 2511 488 2554 Capella
504 2511 581 2544 Lib.
597 2521 632 2544 v.
650 2522 726 2553 cap.
741 2511 785 2543 (le
804 2511 942 2544 Gcncre
960 2511 1258 2553 Demonstrativo,
1284 2514 1343 2556 qui
1362 2514 1459 2547 locus

141 2559 244 2592 nobis
259 2562 314 2591 est
329 2557 655 2601 opportunissimus,
673 2559 755 2600 quia
772 2559 878 2591 etjam
903 2562 1150 2600 argumentum
1167 2559 1274 2592 totius
1299 2560 1460 2593 Scauria-

144 2615 202 2638 nae
231 2604 408 2646 explicare
434 2604 581 2636 videtur.
630 2604 692 2637 Ait
715 2604 821 2647 igitur
847 2604 1012 2646 Capella:
1039 2609 1059 2621 ‘⁴
1087 2605 1281 2648 Mulliplex
1306 2617 1388 2639 vero
1411 2617 1459 2640 ex

143 2652 165 2668 ‘⁴
191 2651 349 2693 pluribus
365 2650 622 2694 quaestionibus
648 2661 757 2683 causa
782 2650 953 2689 consistit,
977 2655 1018 2683 ut
1043 2652 1319 2694 repetundarum
1336 2663 1460 2686 omnes

144 2698 167 2714 “
192 2696 373 2731 Verrinae:
401 2701 436 2730 et
459 2707 522 2739 pro
538 2698 682 2738 Scauro,
708 2697 752 2729 de
779 2697 937 2729 Bostaris
958 2707 1057 2736 nece,
1082 2698 1126 2730 dc
1143 2698 1260 2731 Arinis
1277 2709 1398 2739 uxore,
1424 2702 1459 2731 et

145 2744 167 2760 “
193 2742 338 2776 decimis
365 2743 477 2776 tribus
494 2742 723 2786 exquiritur.''
769 2743 864 2776 Haec
886 2743 994 2786 igitur
1015 2744 1147 2778 nefaria
1164 2745 1285 2779 Mmer
1303 2745 1460 2779 Bostaris

144 2790 278 2823 scelere
294 2790 515 2833 exaequanda
531 2793 584 2822 est
598 2789 649 2823 illi
665 2789 809 2824 famosae
828 2789 938 2824 Matri
956 2790 1123 2825 Cluentii.

194 2835 209 2857 ¹²
233 2834 292 2868 Sic
308 2834 433 2869 Codex
438 2835 589 2880 famata.

191 2886 206 2927 f
229 2881 300 2916 Vel
315 2881 553 2927 coniungatur
563 2881 655 2917 resit.

799 2946 823 2976 C
