1971 3263
281 391 385 425 AEtas

236 438 415 481 scripturae

234 484 356 517 textus
387 487 421 519 in

230 530 437 574 palimpses-

233 579 270 607 to
285 578 409 621 priore.

244 1989 293 2023 Et
303 1990 408 2035 scrip-

203 2037 293 2069 turae
309 2037 407 2070 scho-

202 2081 328 2116 liorum
371 2084 406 2117 in

204 2129 329 2162 codem
338 2132 403 2173 pri-

204 2184 263 2207 ore
284 2186 344 2218 pa—

201 2219 393 2265 limpsestO.

442 262 643 310 xxxviii
915 278 1123 310 PRAEVIA
1161 280 1318 313 OPERI

523 398 704 445 Dicam
720 395 871 459 igitur
888 397 1027 459 quod
1047 397 1336 446 Iuvenatius
1355 399 1418 446 de
1437 398 1542 447 suis
1557 398 1756 448 schedis

455 495 707 543 Livianisc
783 495 942 552 Facit,
982 503 1039 543 ut
1068 497 1117 543 in
1159 496 1525 550 Antoninorum
1561 505 1754 546 aetatem

450 594 687 663 incidisse
710 594 857 642 huius
894 595 1069 658 prioris
1096 595 1301 643 Codicis
1334 596 1540 659 primam
1566 596 1758 661 scripti-

449 710 593 740 onem
628 692 862 751 iudicem,
904 694 1012 757 ipsa
1047 694 1300 757 inprimis
1334 694 1624 752 litterarum,
1650 695 1757 758 qui-

447 792 544 840 bus
589 799 798 840 exarata
836 799 912 840 est
951 793 1275 841 conformatio
1324 811 1381 841 ac
1429 794 1752 843 concinnitas.

446 890 606 940 Immo
648 892 947 940 concludam
988 900 1044 940 ut
1066 893 1198 940 idem
1223 892 1514 942 Iuvenatius
1552 894 1615 941 de
1650 894 1752 943 suis

444 990 663 1040 Livianis
681 991 699 1015 ‘¹
750 1000 778 1018 “
804 992 972 1056 Siquis
1004 999 1221 1040 veterum
1248 992 1503 1049 librorum,
1530 1010 1642 1055 quae
1667 993 1754 1041 cir-

444 1097 473 1116 “
511 1093 866 1149 cumferuntur,
903 1091 1175 1139 litterarum
1218 1091 1495 1155 specimina
1528 1109 1643 1139 cum
1673 1092 1750 1140 his

442 1196 471 1216 ‘⁶
508 1191 708 1238 schedis
729 1199 1010 1255 componat,
1034 1199 1140 1239 tum
1161 1208 1273 1254 quae
1299 1193 1362 1238 de
1385 1192 1584 1239 illorum
1605 1199 1750 1241 aetate

440 1294 468 1313 “
506 1289 643 1336 docti
675 1289 776 1345 viri,
815 1297 970 1352 atque
994 1290 1043 1336 in
1068 1290 1366 1352 antiquitate
1403 1291 1749 1354 investiganda

438 1394 466 1413 ‘⁶
503 1388 591 1435 diu
627 1389 940 1451 multumque
972 1391 1151 1437 versati
1187 1391 1388 1454 scriptis
1426 1394 1744 1451 mandarunt,

435 1493 464 1512 “
500 1488 664 1535 animo
688 1496 917 1551 reputet3
954 1488 997 1536 ei
1026 1507 1123 1538 non
1156 1497 1270 1549 tam,
1312 1494 1743 1555 quemadmodum

433 1594 462 1614 ‘⁶
500 1587 872 1636 Antoninorum
919 1591 1222 1653 temporibus
1256 1593 1565 1656 conscriptas
1601 1593 1744 1641 istius

432 1692 460 1712 “
498 1688 633 1734 modi
674 1688 886 1735 schedas
922 1690 1073 1736 fuisse
1116 1692 1376 1754 approbet,
1433 1708 1580 1755 quam
1626 1710 1744 1757 que-

430 1792 459 1812 “
494 1788 820 1834 madmodum
858 1805 957 1835 non
982 1789 1128 1852 longe
1162 1797 1275 1837 ante
1312 1791 1624 1855 conscriptas
1657 1810 1743 1859 ap-⁴

428 1892 457 1914 “
493 1888 688 1950 probet,
715 1888 1045 1936 laborandum
1073 1891 1222 1938 esse?

494 1986 596 2033 Iam
619 1987 921 2035 scholiorum
949 1988 1093 2035 huius
1119 1989 1296 2052 prioris
1319 1990 1521 2038 Codicis
1546 1991 1737 2055 duplex

427 2087 670 2150 scriptura
706 2098 794 2145 est,
834 2089 990 2136 altera
1027 2090 1127 2135 fere
1171 2090 1437 2151 quadrata,
1475 2090 1629 2138 altera
1662 2109 1739 2139 ru—

424 2187 549 2234 dior.
621 2188 716 2235 Illa
754 2189 956 2252 quidem
990 2189 1102 2254 ipsa
1139 2191 1311 2236 textus
1349 2189 1617 2253 scriptione
1650 2191 1734 2239 vix

421 2288 665 2335 recentior
702 2289 915 2346 videtur,
950 2289 1155 2336 alteram
1194 2289 1472 2352 sequiorem
1504 2305 1620 2335 esse
1649 2289 1733 2337 ali-

419 2395 608 2446 quanto
633 2385 770 2432 haud
805 2394 1010 2448 gravate
1035 2388 1326 2434 concedam.
1399 2387 1541 2434 Nihil
1561 2394 1728 2436 autem

416 2490 560 2540 vetat,
609 2486 728 2547 quin
770 2494 1018 2549 putemus,
1052 2487 1172 2543 haec,
1217 2486 1418 2543 scholia,
1456 2487 1583 2535 licet.
1608 2488 1730 2536 anti·

416 2583 669 2646 quissima,
694 2586 755 2631 ab
779 2602 1080 2633 amanuense
1107 2585 1259 2649 paulo
1281 2586 1552 2634 recentiore
1576 2587 1728 2652 scrip-

414 2690 465 2729 ta
483 2682 542 2754 in·
562 2683 752 2733 Codice
792 2686 956 2742 fnisse,
984 2686 1051 2733 ita
1087 2693 1142 2732 ut
1178 2693 1353 2732 neutra
1377 2693 1541 2733 tamen
1577 2687 1726 2752 scrip-

412 2788 526 2828 tura
550 2783 1065 2833 scholiorumsaeculo
1086 2801 1158 2832 1v.
1183 2791 1271 2832 aut
1297 2801 1343 2832 v.
1369 2787 1616 2849 posterior
1644 2788 1721 2837 sit.

776 2896 792 2936 ζ
817 2891 983 2927 P.Lxxx.
1168 2894 1184 2940 ξ’
1210 2895 1249 2929 Ρ.
1268 2905 1405 2931 Lxxxv.
