1971 3263
668 266 768 301 PRO
805 267 1016 303 SCAURO.
1461 269 1491 310 5

190 363 285 412 fuit
305 362 403 411 ista
426 367 526 410 tam
556 362 698 411 ferox
736 369 837 411 tam
873 365 1134 429 explorata
1155 364 1307 413 huius
1332 365 1494 428 oppri-

188 442 355 492 mendi
392 444 612 493 fiducia?
670 444 850 493 Pueris
890 447 1034 495 nobis
1075 447 1278 496 audisse
1319 447 1493 495 videor

187 525 403 573 Vaelium
426 525 715 574 libertinum
740 528 1005 587 hominem,
1031 531 1150 578 dum
1176 529 1331 577 vicesi
1365 531 1493 593 gerit

185 609 397 673 patroni,
418 609 467 656 in
490 609 568 657 ius
592 627 772 658 nomen
799 611 975 664 Quinti
1001 612 1251 659 Muttonis
1276 612 1492 659 hominis

186 692 519 740 sordidissimi
542 693 783 740 detulisse
802 710 812 740 :
850 709 880 738 a
897 709 1000 754 quo
1018 709 1133 740 cum
1154 694 1493 755 quaereretur,¹‘

185 791 338 837 quam
361 775 666 839 provinciam
702 781 790 822 aut
822 790 972 836 quam
1001 773 1131 820 diem
1155 774 1356 822 testium
1382 793 1493 838 pos-

186 857 380 914 tularet,
406 857 580 904 horam
604 856 698 902 sibi
730 861 975 912 octavam,
1016 857 1139 904 dum
1176 856 1226 903 in
1264 858 1371 905 foro
1408 859 1494 906 bo-

182 939 319 987 vario
341 938 625 1001 inquireret,
655 939 947 1000 postulavit.
1022 939 1137 987 Hoc
1163 946 1218 986 tu
1243 941 1375 987 idem
1400 941 1492 988 tibi

182 1021 235 1070 in
279 1021 485 1070 AEmilio
540 1022 734 1069 Scauro
785 1021 974 1084 putasti
1025 1038 1135 1068 esse
1186 1023 1491 1071 faciendum.

184 1103 347 1167 Atqui
383 1103 596 1152 hominis
637 1104 901 1167 prudentis
941 1111 1133 1161 natura,
1177 1105 1345 1152 callidi
1380 1121 1490 1163 usu,

185 1185 415 1234 doctrina
458 1186 656 1243 eruditi,
712 1192 878 1234 tamen
922 1203 1013 1249 ego
1060 1187 1182 1234 mihi
1226 1186 1491 1249 provinciae

186 1284 389 1317 causam
404 1268 450 1316 in
467 1268 724 1333 provincia
742 1269 854 1333 ipsa
873 1269 1276 1331 cognoscendam
1294 1268 1494 1332 putavi.¹

185 1349 270 1398 An
292 1366 383 1412 ego
407 1351 658 1412 querellas
673 1357 699 1373 ¹¹¹
735 1358 887 1413 atque
911 1350 1117 1398 iniurias
1157 1389 1166 1398 .
1206 1389 1215 1398 .
1253 1388 1263 1398 .
1306 1389 1315 1398 .

186 1469 198 1480 .
237 1469 248 1480 .
287 1470 297 1479 .
333 1431 526 1479 hautun
563 1432 771 1479 AEtnain
810 1433 985 1479 ardere
1020 1432 1224 1492 dicunt3
1278 1433 1349 1480 sic
1374 1432 1421 1479 'V
1424 1450 1494 1480 er-

183 1530 286 1562 rem
310 1514 620 1578 operuissem
647 1513 817 1561 Sicilia
840 1519 964 1561 teste
996 1519 1102 1561 tota
1123 1520 1212 1561 tuo
1240 1514 1492 1578 Coperen-

183 1595 486 1643 dinastium⁰
521 1602 646 1643 teste
682 1596 949 1658 producto.
1020 1594 1096 1642 At
1125 1612 1228 1658 quo
1251 1602 1393 1653 teste,
1422 1596 1492 1644 Di

182 1677 510 1726 immortales!
560 1693 658 1724 non
685 1677 804 1725 satis
830 1676 969 1739 quod
995 1693 1108 1734 uno,
1134 1693 1233 1724 non
1259 1679 1399 1740 quod
1423 1678 1490 1741 ig-

228 1884 237 1906 i
282 1887 403 1920 Locus
419 1886 455 1919 iu
471 1886 594 1920 codice
613 1889 798 1929 cormptus
814 1887 863 1920 sic
881 1886 1030 1919 liabet:''
1064 1896 1147 1919 cum
1170 1885 1264 1919 vices
1280 1886 1414 1929 geritur
1429 1897 1492 1930 pa-

184 1933 205 1950 “
230 1932 321 1966 troni
345 1933 489 1966 iniurias
512 1943 643 1966 nornen
666 1933 781 1976 inquit
808 1933 1000 1973 Muttonis,
1017 1932 1106 1966 etc.''
1169 1933 1307 1965 Lucem
1335 1933 1490 1976 aliquam

183 1978 284 2012 affert
298 1978 381 2011 huic
397 1979 474 2011 loco
490 1979 614 2012 Cicero
630 1980 704 2023 ipse
721 1980 756 2012 in
775 1979 803 2012 F
805 1990 914 2022 ragin.
929 1979 1027 2012 Orat.
1040 1989 1102 2022 pro
1118 1978 1307 2011 Fundanio
1321 1989 1403 2011 cum
1421 1979 1489 2014 ait:

182 2027 263 2061 Non
277 2025 372 2058 modo
387 2025 446 2058 hoc
461 2037 482 2058 a
502 2025 603 2059 Villio
627 2025 772 2069 Annale,
796 2026 856 2059 sed
877 2025 933 2059 vix
956 2023 1138 2059 mehercule
1153 2037 1173 2058 a
1191 2025 1234 2062 Q.
1261 2025 1310 2058 M
1309 2031 1404 2058 utone
1407 2025 1492 2071 [αο-

184 2079 257 2106 tum
269 2070 408 2117 probari
418 2077 537 2116 potest.

229 2116 244 2138 ¹³
269 2117 393 2150 Codex
409 2124 584 2162 quoeretur.

230 2163 237 2183 ¹
262 2164 431 2197 Meminit
455 2175 571 2197 causae
596 2164 767 2205 Verrinae,
794 2164 840 2198 ad
865 2174 972 2208 quam
995 2164 1281 2207 cognoscendam
1296 2163 1422 2197 Cicero
1438 2164 1491 2197 in-

183 2210 380 2255 quisitionis
395 2214 536 2255 tempus
548 2211 584 2244 in
601 2211 755 2244 Siciliam
769 2211 959 2254 postulavit
972 2211 1045 2243 dies
1057 2219 1115 2244 cx.
1130 2214 1170 2243 ut
1183 2214 1300 2244 narrat
1313 2211 1490 2244 Asconius

182 2257 220 2291 iu
236 2257 458 2300 Argumento
475 2257 637 2290 Actionis
652 2267 674 2290 1.
690 2257 726 2289 in
742 2257 903 2290 Verrem.

230 2308 253 2323 ¹¹¹
279 2302 447 2340 Qum-ella
472 2314 534 2347 pro
559 2303 691 2349 querela
716 2304 878 2336 scribitur
904 2305 1106 2336 constanter
1129 2303 1165 2335 in
1189 2302 1255 2335 hoc
1273 2305 1309 2335 et
1329 2303 1404 2335 aliis
1430 2313 1491 2336 an-

183 2350 388 2393 tiquissimis
404 2375 406 2377 .
426 2350 617 2384 Codicibus
646 2360 733 2393 quos
769 2350 851 2383 vidi.
923 2350 993 2382 Sed
1024 2349 1258 2392 dipthongum
1295 2349 1489 2383 tollendam

182 2399 270 2439 puto
285 2400 427 2440 propter
450 2397 593 2430 brevem
618 2396 864 2440 quantitatem,
889 2396 1066 2439 duplicem
1085 2394 1098 2427 l
1110 2395 1331 2428 retinendam
1348 2399 1491 2440 propter

183 2442 358 2476 Codicum
383 2446 419 2475 et
445 2443 579 2487 aliquot
615 2443 721 2476 ctiam
750 2442 1025 2486 Inscn'ptionum
1053 2442 1310 2474 auctoritatem.
1370 2443 1429 2476 Sic
1452 2442 1490 2475 in

184 2489 338 2532 antiquis
356 2488 548 2522 Codicibus
564 2489 807 2522 Ambrosianis
825 2499 920 2532 saepe
935 2488 1006 2521 vidi
1022 2487 1147 2527 catella,
1165 2487 1312 2521 medella.

229 2538 245 2554 ¹¹
269 2535 315 2569 In
330 2534 510 2568 Ciceronis
534 2540 637 2569 textu
662 2546 725 2568 nos
750 2546 825 2568 raro
851 2535 1043 2567 admodum
1061 2534 1192 2567 litteras
1209 2538 1271 2567 aut
1286 2534 1391 2567 verba
1409 2544 1491 2578 sup-

182 2580 330 2624 plemus,
348 2592 460 2625 eaque
480 2582 557 2625 ipsa
581 2581 782 2615 charactere
809 2582 945 2614 diverso
971 2584 1005 2613 ct
1028 2580 1194 2614 macriore
1214 2591 1351 2624 semper
1368 2581 1490 2614 distin-

184 2627 335 2669 guimus,
349 2631 391 2661 ut
407 2627 464 2661 hic
480 2628 611 2672 priores
629 2629 717 2661 duas
733 2628 865 2661 litteras
883 2626 1043 2660 vocabuli
1060 2626 1179 2660 halitu.

229 2677 244 2692 ⁰
268 2673 596 2719 Ceperendinastium
616 2674 747 2707 Urbem
763 2674 807 2718 (si
823 2674 873 2707 ita
888 2672 1140 2716 intelligendus
1158 2676 1211 2706 est
1227 2670 1341 2714 locus)
1358 2673 1394 2705 in
1411 2672 1491 2706 Sar-

185 2718 283 2752 dinia
294 2730 367 2753 non
382 2720 454 2754 vidi
470 2724 702 2754 memoratam
727 2720 822 2764 apud
847 2719 1076 2765 Geogssaphos
1101 2724 1248 2755 veteres.
1297 2719 1424 2754 Codex
1439 2718 1491 2753 ita

185 2764 301 2809 habet,
317 2766 379 2801 sed
394 2767 587 2811 corrigatur
601 2766 974 2814 cmnperendinantium.
