1918 3254
428 282 495 327 26
873 279 929 320 IN
968 277 1019 312 .P.
1060 277 1301 312 omniun

426 381 672 429 incestum
697 377 992 440 significare,
1030 374 1176 425 cuius
1204 375 1408 424 infamia
1428 377 1561 425 circa
1589 375 1735 424 Soro-

426 480 527 511 rem
557 461 790 510 Clodiam
813 459 1238 525 pervolgabatur.⁰

493 544 953 597 QUATTUOR³T1131
979 555 1314 590 SENTENTIAS
1339 557 1497 591 somus
1518 559 1588 592 AD
1613 557 1736 591 PER-

427 624 623 657 NICIEM
652 625 922 656 DEFmssr.

489 691 730 755 Nequam
762 692 945 740 habeat
974 690 1186 741 Clodius
1220 690 1484 739 absolutus
1504 691 1737 740 innocen-

378 807 384 813 ·
424 772 504 821 tiae
531 773 836 836 dignitatem,
867 775 999 821 facta
1023 774 1395 839 comparatione
1428 775 1637 831 numeri,
1662 789 1739 821 os-

422 856 582 904 tendit
608 873 767 921 prope
790 857 1001 905 eandem
1024 856 1404 922 proportionem
1428 856 1596 915 fuisse,
1624 872 1736 920 quae

423 939 670 987 damnarit
691 939 966 988 incestum:
1016 957 1109 988 nec
1135 939 1206 987 illi
1230 939 1488 1002 integritas
1513 956 1620 998 sua,
1646 940 1736 989 sed

423 1021 688 1070 cuiusdam
744 1023 1000 1088 perexigui
1040 1022 1232 1072 numeri
1274 1021 1485 1071 felicitas
1524 1022 1737 1088 patroci-

422 1111 544 1152 nata
568 1105 647 1153 sit.

487 1186 618 1234 NAM
660 1185 737 1234 .L.
774 1202 984 1235 QUIDEM
1006 1186 1206 1237 Com.

487 1267 588 1317 Hic
607 1269 701 1316 fuit
725 1276 901 1317 auctor
922 1268 1193 1317 iudiciariae
1220 1269 1343 1333 legis
1369 1269 1606 1327 Aureliae,
1634 1286 1739 1333 qua

420 1351 738 1399 senatoribus
762 1351 1003 1412 abrogata
1030 1357 1107 1399 est
1140 1368 1339 1399 summa
1360 1358 1587 1415 potestas
1610 1351 1738 1400 iudi-

421 1433 585 1488 candi,
617 1440 666 1480 et
701 1432 1072 1481 communicata
1102 1451 1217 1482 cum
1253 1434 1498 1483 tribunisb
1530 1434 1735 1492 aerariis,

417 1515 489 1563 ita
527 1523 582 1564 ut
626 1515 674 1563 in
712 1515 912 1564 iudiciis
948 1523 1082 1566 esset
1122 1518 1281 1567 minor
1319 1534 1557 1566 numerus
1597 1534 1736 1566 sena-

417 1604 601 1649 torum.

484 1682 570 1731 UT
622 1698 860 1731 PosTHAc
904 1699 1043 1732 LEGE
1085 1682 1344 1732 AURELIA
1393 1699 1562 1732 mnssx
1613 1699 1734 1733 Essa

419 1780 530 1814 NON
557 1772 777 1813 ΡοεεΙΤ.ο

463 1946 479 1963 0
502 1942 559 1976 De
577 1943 691 1976 Clodii
707 1943 800 1987 turpi
824 1944 1083 1978 consuetudine
1105 1954 1187 1978 cum
1212 1945 1338 1978 Sor-ore
1362 1946 1436 1978 tam
1460 1955 1555 1988 saepe
1578 1944 1738 1989 loquitur

416 1988 590 2034 Cicero-in
610 1990 849 2029 Orationibus,
865 1993 905 2023 ut
918 1991 1013 2023 locos
1029 1990 1174 2024 laudare
1189 2001 1491 2034 supervacaneum
1507 1991 1562 2025 sit.

462 2040 477 2056 ²
501 2035 679 2076 Quoniam
697 2036 862 2070 Clodium
878 2037 1022 2071 Iudices
1045 2046 1136 2072 xxv.
1161 2037 1426 2077 damnaverant,
1452 2047 1557 2071 xxxi.
1575 2037 1736 2071 absolve-

414 2085 504 2121 rant,
531 2086 627 2126 patet
658 2093 779 2116 eorum
808 2094 984 2116 summam
1012 2084 1116 2117 fuisse
1145 2093 1218 2117 LVl.
1249 2084 1350 2117 cuius
1381 2084 1567 2118 dimidium
1599 2093 1735 2118 xxvm.

415 2129 538 2170 Quum
562 2129 669 2171 igitur
685 2139 774 2163 xxv.
801 2130 1056 2171 damnaverint,
1074 2134 1242 2174 quattuor
1265 2130 1455 2164 defuerunt
1476 2131 1661 2164 sententiae
1685 2130 1733 2164 ad

415 2176 661 2209 excedendum
688 2176 873 2209 dimidium
898 2177 1006 2220 partis
1032 2178 1200 2219 adversae,
1225 2188 1353 2221 nempe
1379 2178 1423 2210 ad
1450 2187 1563 2212 xxix:
1597 2187 1677 2221 quae
1702 2176 1732 2211 si

415 2222 622 2263 adfuissent,
641 2223 754 2256 Clodii
772 2223 952 2257 damnatio
971 2226 1007 2256 et
1023 2224 1194 2268 pernicies
1209 2227 1302 2257 esset
1317 2227 1449 2258 secuta.

461 2267 475 2290 δ
500 2269 588 2303 Cod.
619 2270 768 2303 romanis
795 2270 857 2303 sed
888 2270 1032 2304 omnino
1063 2271 1310 2314 corrigendum
1336 2271 1403 2304 fuit
1424 2270 1588 2304 tribunis,
1634 2271 1732 2304 Nam

414 2313 592 2349 Asconius
610 2316 658 2349 ait
679 2317 724 2349 ad
742 2316 896 2350 Divinat.
923 2328 955 2360 p.
976 2320 1121 2351 19—20.
1169 2320 1189 2334 “
1207 2317 1374 2351 Aurelius
1400 2317 1505 2350 Cotta
1519 2317 1635 2360 legem
1652 2316 1731 2356 fert,

415 2364 436 2378 ⁴‘
453 2366 493 2396 ut
511 2364 698 2396 Senatores
712 2366 747 2396 et
759 2363 908 2407 Equites
922 2364 1068 2404 romani,
1081 2375 1122 2397 ac
1133 2364 1283 2397 Tribuni
1297 2363 1408 2397 aerarii
1425 2363 1730 2396 simuliudicent.'¹

414 2408 465 2442 Et
481 2409 526 2442 ad
545 2408 643 2443 Orat.
654 2421 720 2455 pro
734 2409 864 2443 Cornel.
879 2421 912 2454 p.
927 2413 1002 2444 140.
1041 2414 1061 2428 “
1077 2410 1223 2444 Aurelia
1235 2411 1313 2453 lege
1327 2410 1590 2443 communicata
1600 2409 1734 2443 iudicia

414 2456 435 2472 ‘⁴
451 2455 543 2488 iuter
568 2457 754 2489 Senatores
780 2460 815 2489 ct
846 2461 1046 2500 equestrem
1073 2457 1254 2498 Ordinem,
1286 2459 1323 2490 et
1352 2456 1530 2490 Tribunos
1557 2456 1734 2489 aerarios.''

412 2500 516 2535 Idem
541 2502 680 2535 dixerat
705 2503 750 2535 ad
781 2504 943 2536 eamdem
977 2503 1183 2537 Orationem
1212 2514 1245 2546 p.
1270 2505 1345 2537 130.
1373 2513 1443 2546 qua
1465 2502 1597 2546 pagina
1621 2503 1730 2535 etiam

413 2548 535 2582 scribit
550 2549 746 2583 Asconius:
774 2549 846 2583 Hic
860 2555 908 2583 est
925 2549 1023 2583 Cotta
1040 2550 1080 2583 de
1101 2561 1164 2595 quo
1179 2549 1248 2583 iam
1263 2561 1348 2594 sape
1363 2549 1518 2583 discimus.
1552 2548 1632 2582 Iam
1647 2558 1732 2582 vero

413 2593 458 2627 de
474 2605 516 2627 eo
541 2595 670 2628 dicitnr
685 2595 794 2628 etiam
818 2596 855 2629 in
880 2596 946 2630 hoc
972 2596 1248 2638 Commentario,
1273 2606 1379 2640 quem
1401 2606 1466 2629 nos
1490 2606 1567 2629 esse
1583 2595 1732 2629 Asconii

413 2642 650 2675 autumamus.

460 2690 474 2707 ⁰
497 2687 636 2721 Tullius
660 2687 729 2729 hic,
745 2691 782 2721 et
805 2688 984 2733 Interpres
1008 2689 1045 2722 in
1061 2689 1130 2723 fine
1145 2689 1388 2723 commentarii
1412 2688 1532 2723 dicere
1555 2688 1731 2729 videntur,

411 2731 557 2766 Iudices
572 2734 774 2776 Clodianos,
791 2735 819 2769 si
836 2736 989 2779 pecunia
1011 2736 1096 2769 data
1111 2736 1316 2780 spolientur,
1339 2736 1410 2769 iam
1432 2746 1505 2769 non
1527 2745 1631 2780 posse
1654 2745 1731 2768 esse

412 2778 556 2813 Iudices
571 2781 650 2824 lege
661 2781 820 2825 Aurelia,
832 2782 916 2826 quia
931 2793 1042 2817 censu
1055 2782 1151 2817 omni
1165 2786 1318 2817 careant.
1366 2782 1472 2819 Certe
1485 2782 1580 2820 idem
1590 2781 1732 2817 Tullius
