1971 3263
538 270 782 308 EDITORIS
808 273 1071 309 MONITUM,
1420 275 1451 319 3

144 368 286 426 Epist.
318 383 429 413 XIV.
464 372 536 413 ubi
566 374 691 414 etiam
718 379 891 429 apparet
926 372 1149 415 Curionem
1185 372 1341 414 stetisse
1367 384 1452 427 pro

142 442 302 488 Clodio.
349 445 378 468 ‘⁶
400 442 610 486 Homines
628 447 684 487 ad
699 460 779 488 XV.
805 444 982 488 Curioni
1000 446 1160 488 nullum
1174 451 1338 487 senatns
1356 458 1452 486 con-

140 519 171 543 ‘4
189 517 343 560 sultam
366 519 551 574 jacienti
581 526 869 561 assenserunt:
919 534 974 561 ex
1005 520 1138 561 altera
1170 525 1295 575 parte
1315 519 1452 575 facile

137 591 167 616 ‘⁴
188 605 314 633 cccc.
331 593 528 647 fuerunt.
548 599 639 634 acta
658 608 722 634 res
746 599 819 634 est.
896 593 1042 651 Fafius
1071 593 1260 634 tribunus
1280 598 1368 634 tum
1389 593 1450 633 in-

136 664 166 688 “
184 666 380 706 tercessit.
445 663 613 707 Clodius
646 667 857 708 conciones
883 667 1054 708 miseras
1085 665 1305 707 habebat.'’
1370 665 1457 707 Sed

135 737 450 793 descriptionem
463 738 750 794 plenissimam
771 740 896 781 liuius
922 738 1070 781 Causoe
1095 737 1309 781 Clodiana:
1331 739 1454 780 habet

139 809 336 865 Epistola
355 825 462 853 XVI.
490 826 584 852 cum
606 813 832 866 particulis
866 815 977 868 ipsus
1010 812 1230 855 Orationis
1256 811 1389 853 Tullii
1409 813 1454 852 in

139 883 344 937 Clodium,
366 891 406 925 et
426 883 662 926 Curionem.
729 886 872 936 Quum
891 887 979 928 lzoec
1002 885 1196 942 Epistola
1211 883 1455 928 mirabiliter

133 957 311 998 illustret
328 963 469 998 nostra
486 959 639 998 inedita
664 957 879 1000 Orationis
898 960 1170 1014 Fragmenta,
1191 961 1315 1000 immo
1336 963 1375 999 et
1389 959 1452 1014 ip-

132 1043 222 1070 sum
241 1029 462 1085 Anonymi
480 1031 577 1070 item
598 1031 799 1070 ineditum
821 1029 1171 1072 Commentarium
1183 1050 1203 1081 ,·
1228 1032 1360 1072 risum
1380 1044 1452 1071 no-

132 1103 194 1143 bis
213 1107 272 1143 est
291 1116 380 1142 eam
395 1103 560 1143 omnino
579 1102 645 1143 lzic
655 1116 779 1157 paene
800 1103 1006 1158 integram
1019 1104 1163 1158 potius
1176 1104 1451 1157 praemittere,

131 1189 255 1230 quam
267 1175 486 1216 identidem
502 1175 558 1216 ad
570 1176 751 1216 eamdem
764 1176 923 1217 minore
939 1177 1194 1232 cumsructu
1206 1189 1450 1231 provocare.

568 1312 759 1345 CICERO
796 1314 1010 1348 ATTICO.

184 1395 357 1448 Quaeris
378 1410 435 1437 ex
464 1409 546 1449 me,
567 1395 674 1452 quid
703 1397 910 1439 acciderit
932 1398 984 1439 de
1014 1397 1192 1452 iudicio,
1213 1398 1332 1454 quod
1360 1404 1449 1440 tam

129 1473 291 1526 praeter
321 1468 571 1525 opinionem
601 1469 794 1511 omnium
828 1470 989 1512 factum
1021 1471 1104 1511 sit:
1152 1476 1196 1511 et
1226 1470 1353 1512 simul
1384 1471 1450 1512 vis

129 1542 253 1595 scire,
282 1556 371 1598 quo
400 1542 528 1583 modo
559 1556 641 1598 ego
671 1543 826 1596 minus,
847 1558 979 1599 quam
1009 1544 1187 1597 soleam,
1220 1543 1449 1599 proeliatus

128 1616 228 1658 Sim:
244 1615 517 1671 respondebo
526 1614 607 1656 tibi
616 1619 764 1667 ὕστερον
779 1620 967 1669 πρότερον,
984 1619 1176 1668 ὀμτρικῶς.
1208 1617 1307 1672 Ego
1317 1616 1448 1668 enim,

127 1702 255 1745 quam
276 1687 352 1729 diu
379 1693 554 1729 senatus
583 1686 820 1728 auctoritas
847 1686 952 1728 mihi
974 1687 1246 1729 defendenda
1265 1689 1362 1742 fuit,
1387 1688 1449 1729 sic

126 1761 299 1815 acriter,
321 1767 365 1802 et
385 1761 667 1803 vehementer
687 1759 916 1817 proeliatus
948 1774 1056 1814 sum,
1079 1766 1128 1801 ut
1147 1760 1325 1813 clamor,
1348 1776 1448 1802 con·

125 1849 364 1891 cursusque
381 1835 570 1877 maxima
585 1849 682 1877 cum
702 1849 797 1876 mea
812 1833 945 1875 laude
962 1834 1118 1875 fierent
1135 1851 1144 1874 :
1178 1834 1297 1890 quod
1316 1834 1351 1875 si
1367 1834 1449 1876 tibi

126 1922 317 1964 unquam
333 1922 426 1949 sum
441 1907 560 1950 visus
577 1908 622 1949 in
638 1922 730 1964 rep.
752 1907 890 1957 fortis,
908 1911 1027 1949 certe
1044 1922 1111 1949 me
1132 1907 1176 1948 in
1196 1907 1276 1948 illa
1295 1922 1450 1949 caussa

126 1980 364 2022 admiratus
377 1995 508 2022 esses.
524 1995 621 2022 cum
637 1980 751 2021 enim
765 1980 842 2021 ille
856 1979 913 2021 ad
925 1980 1154 2021 conciones
1166 1980 1447 2036 confugisset,

125 2053 171 2095 in
190 2053 344 2108 hisque
361 2067 456 2094 meo
474 2052 647 2094 nomine
667 2052 722 2093 ad
738 2052 944 2094 invidiam
965 2057 1177 2106 uteretur,
1195 2052 1255 2094 dii
1273 2053 1447 2095 immor-

124 2125 262 2167 tales!
295 2140 402 2182 quas
418 2140 500 2181 ego
515 2140 697 2181 pugnas,
715 2131 758 2166 et
773 2129 959 2181 quantas
974 2130 1141 2181 strages
1158 2125 1305 2166 edidi?
1336 2140 1447 2181 quos

125 2198 314 2256 impetus
352 2199 398 2239 in
437 2198 660 2251 Pisonem,
700 2198 746 2239 in
781 2197 1033 2252 Curionem,
1070 2197 1116 2239 in
1151 2203 1288 2239 totam
1322 2198 1446 2240 illam

125 2285 300 2313 manum
338 2270 420 2312 feci
438 2273 452 2311 ἓ
502 2285 589 2326 quo
638 2270 766 2311 modo
803 2285 897 2312 sum
943 2271 1181 2313 insectatus
1218 2270 1447 2313 levitatem

126 2359 291 2398 senum,
312 2343 539 2385 libidinem
561 2343 825 2385 iuventutis?
856 2358 986 2399 saepe,
1017 2344 1079 2385 ita
1100 2358 1167 2385 me
1189 2343 1249 2385 dii
1268 2343 1443 2386 iuvent!

127 2423 171 2460 te
202 2432 290 2460 non
320 2417 460 2459 solum
490 2421 712 2458 auctorem
743 2416 1020 2458 consiliorum
1051 2431 1261 2470 meorum,
1293 2431 1446 2459 verum

127 2490 257 2532 etiam
285 2496 572 2548 spectatorem
602 2505 846 2547 pugnarum
877 2491 1157 2533 mirificarum
1184 2489 1444 2532 desideravi.

128 2568 281 2618 postea
299 2578 404 2606 vero
423 2579 552 2621 quam
574 2563 840 2606 Hortensius
860 2564 1141 2620 excogitavit,
1162 2569 1211 2605 ut
1229 2563 1370 2620 legem
1390 2562 1444 2604 de

128 2634 340 2691 religione
369 2637 523 2679 Fufius
551 2637 654 2680 trib.
676 2637 736 2694 pl.
758 2638 918 2687 ferret3
950 2637 994 2678 in
1024 2651 1112 2693 qua
1137 2636 1248 2678 nihil
1277 2635 1399 2678 aliud
1416 2650 1445 2678 a

130 2708 348 2752 consulari
366 2710 592 2768 rogatione
611 2710 854 2764 differebat,
875 2710 959 2753 nisi
979 2710 1169 2753 iudicum
1188 2724 1328 2767 genus
1343 2727 1357 2763 3
1378 2708 1444 2761 (in

779 2799 804 2826 B
835 2785 864 2824 9.
