1971 3263
635 358 736 393 PRO
768 358 980 394 SCAURO.
1399 359 1420 402 1
1428 360 1459 402 9

143 451 456 519 principem¹
500 491 511 502 .
550 491 560 501 .
598 492 608 502 .
649 493 660 503 .
699 455 930 504 Deorum
959 454 1317 503 immortalium
1350 455 1459 504 Nu-

141 554 257 585 men
279 537 549 602 implorare
582 544 774 603 potero,
816 539 906 603 qui
944 555 1142 604 semper
1179 539 1458 587 extiterunt

140 620 261 668 huic
304 620 491 668 Generi
553 621 864 685 Nominique
901 623 1137 670 fautores.
1207 621 1459 686 Poposcit

138 702 405 768 imperavit
449 705 634 769 eripuit
679 705 887 769 coegit.¹¹¹
958 705 1012 753 Si
1055 706 1210 754 docet
1249 705 1455 763 tabulis,

141 786 380 848 quoniam
420 787 572 835 habet
611 787 788 836 seriem
831 789 1090 852 quandam
1135 795 1185 836 et
1224 788 1453 835 ordinem

141 870 388 918 contracti
411 870 578 933 negoti
609 871 857 919 confectio
882 871 996 935 ipsa
1012 871 1318 929 tabularum,
1347 889 1456 919 con-

138 953 345 999 tendam
370 953 565 1009 acriter,
589 959 639 1000 et
672 953 797 1016 quid
823 953 872 1000 in
900 955 1207 1003 offendendo
1231 954 1354 1002 mihi
1392 993 1402 1003 .
1443 994 1454 1004 .

141 1064 151 1074 ·
189 1072 199 1082 .
238 1035 669 1098 quemadmodum
718 1036 840 1083 mihi
879 1053 995 1083 cum
1036 1053 1244 1101 quoque
1285 1037 1457 1085 confli-

138 1117 358 1180 gendum
383 1117 447 1165 sit
477 1118 827 1166 considerabo.
898 1118 989 1166 Sin
1014 1136 1146 1167 unus
1172 1120 1328 1177 color,
1355 1137 1458 1168 una

137 1215 254 1257 vox,
277 1217 378 1248 una
403 1199 557 1248 Natio
584 1201 647 1248 sit
672 1201 896 1249 omnium
919 1202 1140 1260 testium,
1189 1202 1231 1250 si
1255 1203 1399 1267 quod
1421 1202 1457 1250 ii

141 1281 318 1330 dicunt
341 1299 442 1330 non
464 1284 616 1332 modo
642 1284 798 1332 nullis
822 1286 1143 1347 argumentis,
1170 1286 1261 1333 sed
1284 1302 1347 1333 ne
1379 1285 1458 1333 lit-

139 1371 360 1413 terarum
386 1366 593 1429 quidem
617 1366 789 1429 aliquo
813 1384 993 1430 genere
1017 1376 1106 1416 aut
1132 1369 1458 1433 publicarum

139 1454 228 1496 aut
249 1448 573 1512 privatarum,
600 1450 739 1512 quod
759 1456 929 1498 tamen
950 1451 1117 1515 ipsum
1138 1452 1257 1515 fingi
1271 1460 1455 1516 potest,

141 1532 438 1579 confirmare
458 1538 721 1589 conantur,
750 1549 852 1595 quo
877 1549 956 1581 me
979 1540 1187 1591 vertam,
1208 1534 1240 1582 J
1244 1535 1459 1583 udices?

140 1620 228 1661 aut
275 1614 400 1678 quid
453 1613 627 1677 agam?
700 1614 830 1662 Cum
890 1615 1105 1679 singulis
1164 1616 1459 1681 disputem?

139 1696 298 1760 quid?
351 1724 1457 1748 .......................

193 1810 1459 1824 ooooooooooooooooooooooooooooo

525 1877 700 1928 Cetera
726 1881 1075 1929 desiderantur.

186 2124 194 2146 ¹
219 2125 274 2160 M.
290 2127 445 2161 Scaurus
464 2129 575 2170 pater,
599 2127 765 2171 princeps
787 2127 940 2160 Senatus
955 2126 1033 2169 fuit,
1058 2128 1149 2161 teste
1165 2126 1323 2160 Asconio
1338 2126 1375 2160 in
1391 2125 1460 2159 Ar-

141 2175 325 2217 gumento,
352 2178 388 2207 et
404 2174 478 2208 Cic.
496 2184 558 2217 pro
570 2174 694 2207 Sextio
706 2184 790 2208 xvn.
838 2173 900 2207 Ad
912 2173 1114 2218 Phncipem
1127 2179 1163 2207 at
1174 2173 1318 2208 Senatus
1333 2178 1365 2206 et
1378 2172 1460 2207 civi-

141 2219 223 2253 tatis
240 2219 296 2253 M.
311 2220 488 2254 Scaurum.
538 2220 662 2253 Scauri
684 2220 861 2262 infinitam
887 2220 1189 2263 magnificentiam
1217 2220 1256 2253 in
1285 2218 1459 2253 aedilitate

142 2266 311 2300 describit
327 2267 464 2300 Plinius
482 2267 562 2301 Lib.
587 2276 714 2300 xxxw.
738 2270 795 2301 24.

188 2316 210 2333 ’Ἀ
234 2312 389 2347 Videtur
413 2313 544 2347 iterum
561 2323 665 2356 agere
691 2312 819 2347 Cicero
848 2311 893 2347 de
929 2323 967 2347 re
994 2312 1235 2354 frumentaria,
1259 2311 1306 2344 de
1327 2321 1398 2355 qua
1420 2310 1458 2343 in

141 2357 312 2394 divisione
329 2360 509 2394 Orationis
524 2358 709 2405 proposuit
725 2370 762 2394 se
776 2359 966 2396 dicturum.
1016 2359 1088 2395 Sed
1105 2359 1269 2394 universa
1284 2357 1364 2392 haec
1377 2367 1458 2402 pars

145 2404 325 2442 orationis
339 2406 531 2444 intercidit.
