1971 3263
408 271 527 319 xxvi
859 283 1067 318 PRAEVIA
1103 285 1262 319 OPERI

405 377 504 424 nal.
531 392 606 424 XI.
631 383 709 426 33.
781 376 832 423 Si
870 393 985 440 ergo
1027 375 1220 440 Largus
1265 376 1465 425 Caecina
1495 376 1581 441 qui
1617 375 1715 425 fuit

405 477 580 525 consul
628 491 741 522 cum
786 474 1001 522 Claudio
1047 474 1339 538 possidebat
1386 475 1710 523 Scaurianam

405 576 624 629 domuin,
665 589 779 620 cum
801 572 1056 620 Asconius
1077 572 1330 620 scribebat
1347 573 1393 619 in
1419 574 1713 622 Orationem

403 688 495 736 pro
522 671 730 728 Scauro,
770 671 1000 734 sequitur
1025 670 1308 719 Asconiun]
1334 670 1575 732 aequalem
1597 671 1714 718 fuis-

403 787 456 817 se
475 770 684 817 Caecinae
705 780 752 816 et
778 769 981 817 Claudii
1002 769 1359 832 Imperatoris.a
1427 767 1599 831 Atque
1622 784 1714 830 ego

404 869 612 932 quidem
638 868 759 915 satis
785 868 1065 915 luculenter
1096 868 1287 915 asserui
1321 867 1641 915 scribendum
1666 866 1716 914 in
1758 874 1762 877 ’

403 967 631 1015 Asconio
678 967 882 1033 Largus
927 985 1018 1032 pro
1068 968 1290 1032 Longus.
1382 966 1612 1014 Ceterum
1658 983 1717 1013 ea

403 1067 680 1115 emendatio
707 1069 772 1115 ad
797 1084 898 1115 rem
925 1067 1130 1130 quidem
1149 1072 1369 1113 nostram
1391 1080 1489 1111 non
1516 1063 1714 1111 omnino

403 1175 480 1215 est
501 1167 795 1215 necessaria.
866 1166 950 1214 Ad
978 1163 1188 1213 Asconii
1223 1163 1348 1210 enim
1380 1169 1570 1209 aetatem
1604 1178 1716 1225 cog-

402 1268 706 1314 noscendam
756 1265 952 1321 sufficit,
1004 1280 1116 1311 cum
1161 1261 1418 1310 Asconius
1467 1260 1716 1308 scribebat

404 1364 591 1412 vixisse
617 1366 783 1412 adhuc
815 1363 1082 1418 Caecinam,
1122 1363 1432 1424 quicumque
1471 1359 1513 1407 is
1551 1359 1710 1418 fuerit,

409 1463 497 1526 qui
525 1464 715 1511 Consul
740 1463 833 1511 fuit
857 1479 973 1510 cum
999 1461 1231 1510 Claudio.
1300 1461 1359 1509 Id
1388 1477 1501 1508 cum
1533 1459 1717 1508 diserte

409 1580 471 1610 ex
496 1563 610 1611 loco
636 1562 849 1614 Asconii
887 1561 1034 1613 etiam
1063 1578 1163 1609 non
1201 1561 1462 1608 emendato
1492 1566 1709 1616 eruatur,

406 1661 502 1709 iam
528 1661 634 1710 eius
670 1669 864 1713 aetatem
897 1660 947 1708 in
986 1659 1185 1708 Claudii
1218 1666 1443 1723 tempora
1476 1658 1711 1707 incidisse

405 1777 493 1824 per
516 1777 568 1808 se
592 1767 744 1825 patet.

180 1867 393 1959 ffsssuffpsii
478 1862 579 1910 Sed
616 1870 779 1912 tamen
813 1863 1018 1930 Lipsius
1053 1867 1116 1913 ad
1152 1866 1319 1914 locum
1360 1862 1524 1911 Taciti
1559 1861 1712 1926 paulo

184 1966 331 2000 djctum.
411 1971 523 2010 ante
548 1963 811 2011 laudatum
836 1965 1078 2013 nonnulla
1100 1965 1181 2021 ait,
1221 1982 1332 2029 quae
1355 1964 1475 2012 mihi
1511 1964 1576 2010 ad
1600 1968 1713 2008 aeta-

407 2070 502 2111 tem
549 2063 758 2112 Asconii
803 2072 939 2112 certo
988 2064 1334 2121 definiendam,
1386 2062 1714 2126 disquirenda

406 2163 668 2226 diligenter
688 2171 819 2210 sunt.
890 2163 1078 2210 Narrat
1097 2163 1310 2211 Tacitus
1333 2162 1560 2210 timuisse
1585 2160 1712 2208 Nar-

405 2262 606 2319 cissum,
644 2280 705 2310 ne
729 2262 978 2310 Claudius
1003 2262 1130 2326 Imp.
1155 2280 1184 2310 a
1209 2263 1268 2311 P.
1307 2262 1473 2325 Largo
1510 2260 1712 2309 Caecina

445 2486 458 2501 ³
484 2483 639 2516 Caecinae
659 2483 766 2527 Largi
784 2484 928 2517 domum
946 2485 1105 2518 nominat
1122 2486 1229 2518 etiam
1252 2485 1387 2518 Plinius
1404 2485 1498 2518 Hist.
1517 2485 1599 2520 Lib.
1614 2494 1709 2518 xvii.

400 2527 485 2571 Cap.
505 2538 526 2562 1.
544 2540 612 2572 qua
635 2529 669 2562 in
696 2531 802 2563 domo
817 2531 928 2569 11111111,
955 2542 991 2563 se.
1016 2531 1153 2572 iuvene,
1180 2531 1350 2575 quasdam
1375 2532 1514 2564 arbores
1531 2534 1708 2565 ostentare

398 2575 538 2607 solitum
569 2580 694 2609 narrat.
746 2577 823 2609 Iam
850 2577 984 2609 Plinius
1011 2578 1076 2610 sub
1102 2578 1252 2611 Claudio
1280 2577 1371 2621 Imp.
1401 2578 1586 2622 stipendia.
1615 2578 1708 2611 fecit.

399 2619 499 2652 Bene
517 2632 598 2664 crgo
618 2622 719 2654 Plinii
737 2623 882 2656 iuventa
899 2624 1023 2656 incidit
1048 2625 1084 2656 in
1109 2624 1255 2657 Asconii
1273 2628 1462 2657 senectam.
1511 2624 1708 2657 Asconium

398 2676 480 2699 vero
498 2668 680 2710 scripsisse
708 2669 744 2702 111
772 2670 959 2702 Orationes
986 2671 1094 2703 'l'ullii
1116 2671 1186 2703 13111
1209 2680 1327 2702 senem
1346 2675 1444 2714 patet
1460 2670 1549 2703 infra
1571 2681 1616 2704 ex
1642 2671 1708 2704 1130

398 2712 653 2749 dissertatione,
679 2718 714 2747 et
745 2726 789 2748 ex
813 2715 890 2759 ipso
922 2717 1078 2749 Asconio
1111 2718 1154 2750 ad
1184 2716 1280 2749 Orat.
1304 2729 1370 2762 pro
1398 2716 1530 2750 sslilone
1562 2728 1638 2761 cap.
1671 2727 1706 2750 v.

399 2761 422 2809 “¹
445 2759 543 2799 Quid
568 2759 611 2792 sit
641 2761 787 2794 dit-idere
815 2763 1021 2800 seutentiam,
1052 2767 1092 2795 nt
1121 2762 1357 2796 enarrandum
1387 2764 1440 2801 sit,
1470 2767 1584 2796 vestra
1609 2766 1712 2805 aetas,

400 2807 422 2821 ‘⁵
446 2805 529 2839 facit
548 2832 555 2839 .
584 2833 592 2841 .
617 2830 624 2840 .
652 2829 658 2837 -
685 2807 755 2840 Sed
769 2818 846 2852 ego,
862 2812 901 2842 ut
919 2810 1089 2843 curiosius
1106 2809 1204 2843 aetati
1220 2813 1345 2844 vcstrae
1363 2810 1575 2844 satisfaciam
1592 2813 1660 2844 etc.
1715 2816 1718 2817 ’
