1918 3254
418 264 482 307 74
913 261 1016 296 PRO
1052 259 1234 296 sYLLA.

419 364 493 413 .C.
531 362 818 413 Antoniqu
895 359 1033 409 Nam
1062 359 1203 425 quia‘
1235 359 1502 410 virtutibus
1536 361 1731 411 obtrec-

416 454 523 494 tare
552 462 650 493 non
684 449 930 507 poterant,
980 443 1087 492 eius
1122 443 1454 493 humilitatem
1485 444 1729 493 natalium

417 526 666 576 maledica
687 526 1017 574 insectatione
1040 527 1328 590 carpebant.
1398 527 1732 576 Notissimum

416 617 494 658 est
526 615 691 655 autem
725 608 878 656 fuisse
921 607 1217 656 Ciceronem
1251 608 1453 657 natione
1487 609 1733 658 Vulscum

418 691 616 755 Arpino
650 691 938 754 municipio,
973 692 1110 740 unde
1142 692 1213 740 illi
1249 692 1484 756 quaedam
1521 691 1736 756 peregri·

417 774 584 822 nitatis
616 775 679 822 ab
720 774 1021 823 invisoribus
1073 774 1468 822 concinnabatur
1517 773 1737 822 infamia.

420 855 532 905 Nec
550 857 596 904 in
622 857 880 920 praesentis
915 867 1079 905 causae
1109 856 1302 904 iudicio
1334 856 1632 920 Torquatus
1657 871 1740 920 pe-

418 947 664 1004 percerat,
700 941 835 987 facta
866 940 1118 988 mentione
1158 956 1331 1002 regum
1366 938 1739 1003 peregrinorum

418 1022 681 1086 Tarquinii
700 1031 749 1070 et
768 1023 965 1070 Numae.
1036 1021 1225 1069 Fuerat
1241 1020 1372 1068 enim
1393 1020 1622 1084 Popilius
1644 1019 1741 1068 Cu-

420 1106 562 1153 ribus
590 1105 788 1153 Sabinis
808 1113 964 1154 ortus.
1034 1103 1346 1168 Tarquinius
1378 1119 1495 1151 vero
1530 1102 1740 1151 Priscus

422 1187 688 1236 Demarthi
722 1188 952 1236 Corinthi
984 1187 1133 1243 filius,
1167 1186 1254 1250 qui
1287 1187 1485 1248 fugiens
1520 1185 1742 1232 domina-

420 1270 609 1318 tionem
642 1270 866 1335 Cypseli,
900 1270 952 1317 in
988 1267 1186 1316 Italiam
1212 1285 1266 1316 se
1297 1267 1606 1331 Tarquinios
1628 1283 1743 1316 con-.

422 1353 622 1410 tulerat,
651 1353 822 1416 ibique
852 1353 1042 1401 liberos
1063 1356 1430 1416 procreaverat.
1501 1349 1744 1398 Animad-

423 1442 675 1482 vertamus
699 1441 865 1482 tamen
898 1434 1102 1498 quantis
1133 1433 1322 1481 aculeis
1354 1433 1639 1498 asperitatis
1655 1432 1745 1481 tal-

425 1517 611 1565 lionem
633 1517 725 1565 M.
744 1517 942 1565 Tullius
973 1518 1154 1565 referat
1173 1516 1253 1564 hic
1278 1516 1560 1580 Torquato,
1594 1532 1744 1579 quem

426 1600 604 1665 partim
639 1600 962 1663 despiciendo
992 1600 1108 1663 plus
1142 1598 1296 1646 abicit
1329 1605 1380 1646 et
1409 1598 1741 1646 humillimum

426 1679 563 1739 facit,
612 1682 794 1745 partim
828 1682 1014 1730 maiore
1047 1682 1323 1729 insectatur
1357 1681 1557 1738 infidia,
1607 1681 1746 1744 quod

428 1763 480 1811 in
531 1763 773 1827 exemplis
827 1763 1082 1812 Maiorum
1132 1763 1269 1812 illius
1321 1764 1524 1812 hereatg
1558 1764 1750 1815 invidia

430 1846 730 1909 tyrannidis.

288 1957 387 1993 Edit.
435 1991 437 1993 Ι
500 1928 620 1977 Hoc
658 1944 801 1985 Dico,
849 1943 1058 1985 INQUJT,
1104 1945 1170 1977 TE
1209 1944 1330 1977 ESSE
1369 1946 1399 1977 E
1437 1945 1748 1984 MUNICIPio.

285 2006 401 2040 323·
436 2012 676 2061 FATEOR.
726 2027 793 2058 ET
829 2027 974 2059 ADDo
1012 2026 1184 2059 ETIAM
1224 2028 1292 2059 EX
1333 2028 1398 2060 Eo
1435 2028 1747 2070 MUNICBPIO,

436 2110 583 2142 UNDE
635 2109 842 2141 ITERUM
881 2109 982 2141 IAM
1021 2109 1180 2142 SALUS
1233 2110 1363 2142 Hmc
1414 2110 1543 2143 URBI
1595 2110 1755 2144 IMPE—

435 2192 634 2226 mooUE
672 2192 830 2224 MISSA
868 2193 979 2224 EST.

435 2347 459 2363 “
484 2346 677 2385 Neronem,
693 2347 874 2379 maturum
900 2346 1013 2387 annis,
1038 2348 1240 2390 spectatum
1263 2346 1385 2381 bellis:
1420 2345 1486 2380 sed
1508 2348 1628 2379 vetere
1645 2348 1754 2388 atque

436 2394 460 2409 ⁴·
485 2392 590 2425 insita
616 2392 777 2425 Claudiae
804 2392 947 2425 familiae
974 2392 1170 2436 superbia.''
1218 2393 1397 2428 Eamdem
1412 2393 1450 2426 in
1465 2392 1584 2436 Appio
1601 2391 1755 2425 Pulchro

439 2438 480 2472 P.
497 2438 611 2471 Clodii
634 2438 757 2471 Fratre
774 2439 936 2481 exagitat
952 2439 1079 2472 Cicero
1096 2439 1142 2472 ad
1157 2439 1284 2473 Famil.
1300 2439 1359 2472 lib.
1377 2449 1431 2473 111.
1457 2439 1572 2482 Epist.
1590 2447 1656 2472 vn.
1704 2437 1757 2471 Et

438 2485 480 2519 P.
497 2485 641 2529 quidem
659 2485 807 2518 Clodius
823 2495 905 2518 cum
922 2496 985 2529 per
1006 2486 1125 2518 lusum
1149 2486 1299 2519 dixisset
1322 2486 1536 2520 Ciceronem
1553 2495 1625 2518 non
1639 2495 1756 2529 regem

436 2532 503 2564 sed
518 2531 640 2567 Iovem.
652 2531 954 2564 mordacissimam
969 2531 1013 2564 ab
1027 2542 1069 2565 eo
1084 2533 1350 2576 responsionem
1361 2532 1493 2574 retulit,
1507 2541 1614 2575 quam
1624 2530 1706 2564 vide
1718 2529 1758 2564 in

441 2580 541 2611 Orat.
557 2589 620 2622 pro
634 2577 745 2610 Domo
760 2589 821 2610 sna
837 2587 972 2611 xxxiv.

487 2628 502 2642 ‘³
527 2623 584 2656 De
601 2624 755 2657 Catilina
769 2627 806 2657 et
821 2624 979 2657 Antonio
1005 2624 1189 2657 confirmat
1213 2624 1392 2659 Asconius
1409 2623 1456 2657 ad
1481 2622 1580 2657 Orat.
1604 2622 1641 2657 in
1658 2621 1758 2668 Toga

437 2669 584 2702 candida
601 2680 634 2712 p.
654 2673 729 2704 153.
777 2673 797 2688 ‘⁴
817 2671 914 2703 Huic
931 2670 1092 2703 Orationi
1109 2671 1291 2705 Ciceronis
1304 2675 1342 2705 et
1357 2670 1512 2704 Catilina
1526 2673 1564 2704 et
1578 2669 1759 2704 Antonius

440 2718 464 2779 Σ
490 2716 746 2794 ορίιιῖυιηεΙξοεο
762 2717 1040 2761 responderunt:
1065 2717 1163 2761 quod
1177 2718 1292 2753 solum
1309 2720 1484 2764 poterant,
1497 2716 1631 2752 invecti
1643 2716 1680 2751 in
1695 2725 1760 2751 no÷

490 2772 521 2794 Vl
541 2772 561 2793 {¹-
579 2772 635 2794 Cssl
654 2772 741 2796 elus.

490 2806 500 2827 f
524 2808 691 2851 supplevi
711 2809 801 2841 Nam
818 2809 906 2853 quia.

491 2859 506 2881 ἓ
531 2854 589 2888 Sic
604 2853 694 2889 Cod.
720 2853 834 2889 loereat
849 2855 924 2890 sinc
938 2855 1145 2901 dipthongo.
