1918 3254
639 273 740 308 PRo
773 271 952 308 sYLLA.
1386 272 1413 316 7
1419 271 1448 315 3

146 371 320 435 inquit,
356 368 618 424 videberis,
656 368 697 415 si
734 367 861 431 quid
895 367 944 414 iu
980 382 1038 413 eo
1072 364 1300 428 regaliter
1339 365 1446 422 feci,

145 453 284 517 quod
320 452 369 499 in
406 451 672 499 sceleratos
704 450 926 498 homines
962 448 1294 496 testimonium
1327 447 1447 503 dixi,

146 534 383 598 quoniam
420 541 468 582 et
504 542 552 581 te
584 534 634 581 in
670 532 872 580 eosdem
909 531 1095 578 dixisse
1130 531 1447 577 manifestum

143 623 250 676 ,θεῖς
286 624 374 664 aut
409 617 450 664 si
487 617 612 664 fides
648 623 699 663 et
733 613 905 676 religio
941 613 1236 675 incorrupta
1266 612 1316 658 iu
1350 612 1449 659 illis

139 699 373 746 omnibus
397 698 691 746 testimoniis
725 696 831 752 fuit,
868 712 966 742 non
995 703 1158 758 potest
1181 712 1269 741 rex
1292 694 1449 750 videri

140 780 232 844 ⁴qui
276 780 556 828 testimonio
603 780 792 828 adserit
834 779 1105 827 veritatem.
1198 777 1257 824 In
1309 786 1450 840 parte

139 862 290 925 :igitur
312 863 557 925 percussit
578 862 825 925 Torquati
844 860 1208 917 verecundiam,
1234 859 1284 907 in
1308 867 1448 924 parte

120 944 292 991 ’diluit
315 944 494 1005 regalis
520 944 668 990 animi
697 944 1067 1006 proprietatem.

206 1025 361 1073 UTER
412 1041 637 1072 TANDEM
676 1042 780 1072 REX
819 1041 928 1081 EST,
976 1041 1023 1072 Is
1062 1041 1131 1073 NE
1169 1041 1255 1073 CUI
1296 1041 1447 1075 INNO-

139 1124 340 1156 CENTES
379 1123 624 1156 HOMINES
663 1123 772 1156 NON
810 1124 1120 1165 RESISTUNT,
1159 1124 1230 1155 AN
1270 1125 1317 1156 Is
1354 1125 1445 1158 QU1

142 1206 509 1239 CALAMITosos
548 1206 655 1239 NON
696 1190 961 1238 DESERIT?

207 1272 524 1320 Praemiserat
576 1274 705 1321 enim
757 1273 1006 1336 Torquati
1057 1273 1448 1338 propositionem

138 1354 287 1403 valde
327 1356 762 1412 insolentissimam,
800 1365 850 1403 et
877 1357 1044 1403 liberae
1081 1356 1291 1404 civitatis
1332 1358 1449 1405 odio

140 1437 369 1500 dignam:
413 1438 505 1486 nisi
541 1448 596 1486 tu
628 1439 934 1486 defendisses
967 1436 1025 1485 P.
1062 1437 1268 1500 Syllam,
1302 1456 1448 1486 nemo

138 1520 444 1568 defenderet.
547 1521 643 1569 Cui
682 1521 849 1568 statim
882 1520 931 1567 in
967 1521 1124 1567 forma
1159 1521 1450 1568 concessiva

138 1603 394 1650 occurrit.³
462 1602 548 1658 Ut,
582 1602 754 1665 inquit,
790 1602 913 1649 alios
939 1602 1216 1649 concedam
1239 1604 1449 1665 patroci-

135 1682 273 1736 nium
311 1684 645 1746 denegaturos
676 1684 844 1740 fuisse,
878 1683 925 1730 in
956 1700 1105 1746 quem
1151 1684 1328 1733 iustius
1366 1688 1450 1734 de-

136 1765 379 1813 rivabitur
410 1766 559 1813 animi
582 1766 760 1828 regalis
784 1766 1044 1830 cupiditas,
1061 1767 1111 1814 in
1132 1784 1208 1814 me
1236 1768 1323 1831 qui
1338 1786 1448 1832 pro-

136 1854 250 1908 tego
268 1847 570 1904 innocentes,
592 1866 654 1895 an
675 1848 725 1895 in
745 1856 793 1896 te
818 1849 906 1911 qui
927 1848 1321 1896 subveniendum
1346 1868 1446 1900 non

136 1935 286 1991 putas
319 1930 700 1977 innocentibus?
749 1929 868 1978 Non
900 1938 1098 1978 tantum
1116 1949 1233 1995 ergo
1254 1949 1306 1979 se
1328 1933 1446 1982 libe-

135 2010 275 2067 ravit,
297 2012 384 2066 sed
404 2011 716 2074 Torquatum
743 2013 901 2063 multo
927 2013 1157 2061 acerbius
1185 2016 1443 2077 proscidit.

202 2094 288 2145 AT
347 2110 438 2142 HIC
498 2110 668 2142 ETIAM
724 2110 955 2142 FACETUS
1002 2111 1122 2142 ESSE
1174 2111 1441 2154 VOLUIS‘m,

136 2193 245 2225 CUM
271 2177 630 2226 TARQmmcM
659 2193 723 2224 ET
753 2176 966 2225 NUMAM
994 2193 1059 2224 ET
1085 2194 1160 2225 ME
1197 2195 1442 2228 TERTIUM

137 2275 491 2308 PEREGRINUM
532 2275 714 2306 REGEM
754 2276 874 2307 ESSE
912 2276 1140 2308 DIXISTI.

200 2341 488 2390 Novitatem
527 2340 783 2389 Ciceronis
819 2343 958 2390 multi
995 2344 1199 2406 quidem
1236 2361 1325 2407 per
1357 2345 1443 2392 illa

133 2432 362 2488 tempora
388 2423 699 2471 contumeliis
727 2425 913 2486 agitare
939 2426 1212 2483 voluerunt,
1235 2434 1293 2474 ut
1313 2427 1444 2475 Cati-

133 2506 233 2566 lina
250 2514 299 2554 et
317 2505 567 2562 Clodius,b
601 2513 651 2553 et
677 2506 782 2570 ipse
809 2509 1035 2570 quamvis
1066 2508 1275 2572 Collega
1295 2511 1442 2558 fuerit

182 2698 197 2713 ²
221 2694 346 2729 Codex
362 2696 399 2729 in
411 2695 569 2741 formam
582 2696 743 2730 coracessii:
763 2696 881 2730 currit.

177 2738 193 2759 δ
214 2740 390 2785 Magnam
414 2743 459 2775 de
485 2752 552 2776 sua
575 2743 760 2776 nobilitate
785 2742 988 2787 opinionem
1005 2746 1042 2777 et
1058 2744 1258 2789 superbiam
1276 2744 1439 2778 Claudiae.

132 2785 273 2822 familiae
299 2788 441 2822 insitam
463 2791 613 2823 testatur
635 2789 784 2824 Tacitus
813 2789 942 2823 Annal.
968 2790 1049 2824 Lib.
1077 2800 1099 2825 ι.
1125 2795 1156 2825 4.
1218 2792 1440 2825 “Tiberium

1528 1038 1621 1071 Edit.

1512 1085 1556 1118 N.
1572 1087 1621 1117 12.
