1918 3254
583 324 682 358 PRo
706 322 940 358 PLANCIO.-
1377 320 1440 363 99

142 420 368 470 nioribus
392 420 541 468 dictis
581 422 867 478 indulsisse,
894 421 947 468 id
970 421 1109 484 quod
1144 419 1266 469 locis
1289 418 1442 483 pluri-

143 504 237 552 bus
272 504 322 551 in
357 503 574 551 Verrinis
609 504 918 553 orationibus
951 504 1204 568 potuimus
1233 503 1443 565 adgnos-

141 585 302 634 cere.‘¹
375 586 489 635 Hoc
513 604 629 651 ergo
654 588 750 635 ait:
789 587 1020 651 quoniam
1055 586 1192 634 soleo
1215 585 1443 648 quaedam

140 684 241 716 non
258 669 449 731 ingrata
468 670 731 718 festivitate
749 671 1025 719 secundum
1048 669 1176 716 sales
1196 666 1445 715 urbanita-

139 749 201 798 tis
230 750 407 808 dicere,
453 751 639 800 idcirco
690 753 915 816 plerique
958 751 1243 799 huiusmodi
1297 766 1443 798 omne

128 833 282 896 -quod
307 833 499 890 dicitur,
525 834 717 882 etiamsi
742 836 804 883 ab
824 835 919 882 alio
957 835 1147 882 dictum
1178 834 1253 889 sit,
1294 833 1342 880 in
1363 848 1443 878 me

139 915 415 962 conferunt.
488 915 658 969 Quare
680 917 802 964 nihil
842 917 1016 964 mirum
1041 923 1114 963 est
1143 916 1184 963 si
1215 915 1443 978 quaedam

138 996 264 1043 falso
286 997 434 1043 etiam
463 997 526 1043 de
552 997 746 1044 Plancii
770 997 995 1045 libertate
1017 998 1278 1045 iactentur.

204 1075 333 1124 NAM
352 1093 492 1127 ouon
517 1093 718 1125 PRIMUS
739 1094 916 1126 scwrr
931 1078 944 1102 f
964 1095 1146 1126 LEGEM
1169 1095 1237 1126 m:
1261 1094 1446 1127 PUBLI-

140 1174 296 1206 cAle
322 1175 434 1206 TUM
460 1175 571 1208 CUM
600 1176 692 1208 VIR
718 1176 1080 1209 AMPLISSIMUS
1100 1175 1303 1208 CONSUL
1329 1176 1443 1208 ILLI

140 1256 330 1288 oRD1N1
361 1257 462 1288 PER
497 1257 750 1290 POPULUM
778 1260 961 1301 DEDIT,
1000 1259 1139 1294 QUOD
1165 1259 1267 1291 PER
1294 1258 1447 1290 SENA-

141 1338 269 1380 TUM,
309 1338 355 1370 sI
399 1339 688 1382 LICUISSET,
726 1342 999 1376 DEDISSET.

207 1405 368 1454 Paulo
394 1424 547 1471 supra
564 1408 759 1457 locutus
786 1426 897 1457 sum
920 1410 1044 1457 nihil
1073 1410 1285 1458 obtineri
1303 1415 1446 1473 potu-

138 1488 237 1536 isse
253 1506 342 1553 per
363 1490 420 1538 C.
439 1490 701 1549 Caesarem,
728 1510 840 1541 cum
858 1493 1140 1557 publicanis
1167 1498 1292 1556 aput
1309 1509 1448 1540 sena-

139 1576 246 1618 tum
283 1573 697 1636 patrocinaretur,
729 1575 1105 1623 contradicente
1129 1575 1325 1623 scilicet
1351 1575 1446 1622 M.

140 1651 347 1701 Catone.
417 1653 606 1702 Verum
625 1662 801 1719 postea
819 1658 997 1705 consul
1022 1657 1150 1704 idem
1182 1659 1256 1705 .C.
1280 1658 1448 1705 Caesar

137 1734 300 1798 legem
329 1736 444 1784 tulit
479 1738 545 1784 ad
580 1738 969 1802 publicanorum
1002 1740 1268 1787 commoda
1301 1739 1447 1802 perti-

137 1824 363 1865 nentemg
386 1819 467 1866 cui
490 1820 656 1868 favore
680 1821 1054 1883 promptissimo
1082 1821 1195 1869 .Gn.
1249 1820 1446 1868 Plancii

136 1904 278 1962 pater
301 1899 406 1946 sine
429 1901 586 1950 dubio
610 1902 818 1958 adstitit,
846 1903 1080 1965 quoniam
1118 1920 1194 1951 res
1219 1903 1445 1951 utilitatis

139 1997 243 2029 suae
265 1983 522 2044 agebatur.
593 1984 710 2032 Hoc
729 2002 846 2048 ergo
873 1985 1121 2049 quidquid
1141 1993 1270 2033 esset
1284 2003 1447 2050 repre-

137 2063 390 2112 hensionis
435 2073 718 2114 removetur
761 2067 810 2114 in
851 2067 1269 2131 ipsumCaesarem
1321 2068 1443 2131 legis

140 2154 397 2195 auctorem
415 2165 574 2212 nuper
597 2147 749 2198 latae.¹¹

207 2228 325 2278 NEC
360 2246 498 2278 ENIM
535 2247 807 2281 QUICQUAM
848 2249 1013 2282 ALIUD
1051 2251 1108 2283 IN
1145 2252 1248 2283 HAc
1286 2252 1439 2294 LEGE,

143 2327 253 2359 NISI
293 2329 564 2362 EDITICIOS
604 2331 815 2364 IUDICES
860 2333 1083 2366 SECUTUS
1122 2335 1195 2367 Es.

186 2500 201 2522 ‘¹
226 2503 379 2538 Videtur
394 2504 451 2538 hic
476 2507 631 2541 indicare
648 2508 784 2542 Auctor
800 2520 837 2542 sc
863 2513 1140 2544 commentatum
1161 2523 1301 2557 quoque
1317 2525 1392 2548 esse
1409 2515 1444 2548 in

140 2546 318 2584 verrinas.
358 2552 466 2586 Porro
477 2558 601 2588 extant
616 2555 764 2589 Asconii
776 2555 1102 2591 commentationes
1115 2559 1149 2591 in
1161 2559 1239 2592 illas
1253 2562 1442 2595 orationes:

141 2596 237 2646 quod
252 2597 397 2631 roborat
421 2600 633 2643 opinionem,
659 2602 753 2635 hunc
776 2613 991 2645 anonymum
1016 2605 1209 2638 Auctorem
1235 2617 1311 2640 esse
1333 2608 1445 2641 Asco-

140 2650 252 2674 mum.

187 2685 199 2706 f
221 2688 346 2723 Codex
360 2691 450 2726 scivi.

187 2734 420 2785 “Confirmat
443 2739 630 2773 Svetonius
658 2740 692 2773 in
711 2741 793 2775 ὡς.
811 2753 888 2786 cap.
905 2753 966 2776 xx.
983 2743 1044 2775 ubi
1062 2743 1105 2776 «le
1123 2744 1264 2779 Caesare
1287 2746 1444 2779 Consule

141 2788 163 2811 1.
189 2782 258 2814 alt:
285 2782 305 2798 “
322 2782 533 2818 Publicanos
548 2787 787 2821 remissionem
806 2793 976 2832 petentes,
1000 2791 1102 2823 tertia
1120 2793 1320 2825 mercedum
1344 2797 1442 2835 parte

138 2826 160 2842 ‘⁴
185 2826 370 2878 relevavit:
397 2840 438 2863 ac
456 2841 500 2865 ne
524 2831 560 2864 in
588 2833 762 2868 locatione
788 2845 958 2869 novorum
981 2837 1204 2880 vectigalium
1232 2838 1442 2872 immodera-

144 2871 165 2887 “
190 2874 260 2904 nus
276 2874 473 2915 licen-entur,
488 2880 668 2921 propalam
686 2881 855 2914 monuit.’¹

186 2915 198 2936 '³
226 2918 350 2954 Codex
366 2922 562 2967 repet-laeam
581 2926 674 2969 quod
689 2927 774 2961 forle
791 2928 1013 2961 retinendum
1032 2929 1091 2964 siv.
1111 2943 1145 2962 rr·
1161 2929 1299 2972 pra-laea.

1515 2242 1611 2280 Edit.

1505 2291 1550 2326 N.
1561 2295 1617 2327 36.
