1971 3263
669 280 736 317 ET
768 279 1054 317 CURIONEM.
1452 278 1510 323 13

210 385 398 429 menter
421 384 470 427 et
487 379 724 427 acerrimo
749 378 924 444 spiritu
963 378 1057 425 hac
1093 374 1313 424 oratione
1339 374 1513 424 Cicero

212 463 484 526 respondit,
537 464 744 511 duorum
803 469 905 510 tam
948 460 1102 525 ipsius
1137 475 1285 523 quam
1344 457 1514 507 Curio-

210 543 322 594 nis!¹

558 660 838 711 INCIPIT
874 659 1173 708 ORATIO.

279 794 606 843 STATUERAM
652 793 793 842 .P.C.
840 807 1017 841 QUOAD
1062 806 1193 839 Reus
1235 806 1393 837 ESSET
1439 790 1514 838 .P.

215 876 449 925 CLODIUs
476 891 635 924 NIHIL
657 892 725 924 DE
745 890 867 923 1LLO
885 890 1060 924 NEQUE
1082 889 1218 921 APUT
1236 890 1328 922 vos
1342 888 1517 922 NEQUE

211 973 338 1005 ALIO
363 973 498 1005 ULLo
525 973 583 1005 IN
610 972 741 1005 Loco
765 972 977 1004 DICERE.

276 1040 464 1088 Facere
480 1038 676 1087 videtur
697 1039 792 1087 hoc
818 1042 868 1086 in
891 1040 1243 1104 argum(mcumb
1266 1038 1519 1103 gravitatis

212 1139 271 1170 ac
316 1122 572 1170 modestiae
613 1139 744 1181 suae3
780 1139 948 1169 verum
993 1138 1187 1169 summa
1227 1138 1338 1169 cum
1385 1138 1523 1184 aspe-

212 1205 367 1262 ritate,
404 1205 628 1269 quamvis
670 1205 930 1253 absolutus
973 1205 1036 1253 sit
1089 1204 1317 1261 Clodius,
1355 1210 1523 1251 tamen

213 1287 455 1335 incestum
496 1305 608 1335 vere
660 1287 971 1336 commisisse
1026 1288 1195 1336 adhuc
1247 1288 1521 1334 adseverat.

217 1369 334 1418 Hoc
358 1370 488 1417 enim
512 1370 843 1426 testificando,
883 1387 936 1417 se
961 1370 1095 1417 omni
1131 1377 1180 1418 et
1214 1369 1522 1417 humanitate

215 1461 265 1501 et
301 1452 541 1517 patientia
566 1452 643 1501 .P.
672 1452 855 1501 Clodio
894 1452 1190 1516 pepercisse,
1229 1452 1335 1500 sine
1371 1452 1524 1500 dubio

216 1536 477 1583 confirmat
516 1535 771 1583 veritatem
820 1535 894 1582 sui
941 1534 1222 1591 testimonii,
1264 1542 1320 1582 ut
1360 1535 1525 1582 omnia

216 1618 279 1664 de
303 1617 390 1665 illo
427 1634 542 1665 cun]
567 1618 666 1664 fide
707 1617 901 1673 dixerit,
940 1617 1019 1664 cui
1055 1634 1144 1680 per
1182 1617 1304 1664 illud
1329 1624 1525 1681 tempus

214 1707 381 1748 reatus
406 1701 715 1764 parcendum
740 1700 999 1763 putaverit.

281 1784 363 1832 Ac
402 1799 639 1832 FURIOSIS
661 1799 1024 1831 CONTIONIBUS
1051 1799 1372 1832 INDIXERAT.

283 1867 584 1930 Opportune
619 1874 668 1914 et
705 1866 885 1914 acriter
919 1865 1162 1914 furiosum
1188 1866 1265 1914 .P.
1292 1866 1527 1914 Clodium

218 1949 353 2007 dicit,
403 1957 460 1997 ut
504 1950 553 1996 in
594 1966 710 1996 eum
761 1949 981 2012 suspicio
1034 1949 1294 1997 conveniat
1334 1950 1525 2008 incesti,

218 2033 359 2082 cuius
382 2032 633 2094 ingenium
654 2033 822 2079 furore
844 2032 1088 2080 iactetur.c

264 2228 279 2244 ³
304 2225 436 2259 Sensus
463 2224 604 2257 videtur
643 2223 846 2256 huiusmodi
884 2225 904 2241 “
933 2223 1072 2264 Quibus
1103 2224 1349 2257 minacissimis
1388 2225 1528 2259 territus

218 2272 239 2289 ‘⁴
255 2272 402 2305 vocibus
419 2271 568 2305 duorum
596 2273 668 2303 tam
692 2271 812 2314 ipsius,
837 2281 942 2314 quam
974 2271 1149 2307 Curionis,
1175 2271 1434 2312 vehementer‚‘'
1459 2276 1526 2305 etc.

218 2317 290 2351 Vel
315 2318 434 2362 potius
468 2319 489 2334 ‘⁵
518 2317 584 2350 hac
617 2317 787 2349 Oratione
815 2316 940 2350 Cicero
971 2317 1152 2361 respondit
1183 2317 1412 2351 Orationibus
1441 2317 1528 2351 duo-

217 2374 308 2406 rum,
311 2366 330 2381 '⁹
355 2369 423 2398 etc.

264 2409 279 2430 δ
300 2391 466 2454 ’Spatium
482 2413 534 2443 est
552 2410 587 2442 in
602 2409 747 2451 Codice,
765 2409 861 2453 quod
874 2420 937 2443 nos
952 2410 1001 2443 ita
1016 2410 1238 2454 replevimus.

266 2458 489 2491 cFuriosam
506 2456 621 2490 Clodii
649 2437 812 2489 numiam
841 2456 923 2500 pinf„
906 2456 954 2488 it
985 2457 1109 2489 (icero
1138 2457 1182 2489 de
1212 2457 1368 2500 Harusp.
1417 2456 1490 2489 Res
1475 2468 1526 2509 p.

218 2514 323 2537 xun.
348 2505 420 2538 ‘A
450 2503 528 2536 Diis
555 2503 698 2546 quiden]
724 2503 983 2536 immortalibus
1012 2514 1092 2546 quae
1110 2507 1226 2546 potest
1254 2503 1386 2536 homiui
1417 2503 1510 2536 maio
1513 2515 1528 2536 r

233 2553 334 2583 ‘esse
363 2561 471 2593 poena
495 2549 610 2582 furore
640 2554 746 2593 atque
764 2550 939 2583 amentia?
986 2549 1041 2582 Tu
1060 2549 1194 2593 (Clodi)
1219 2560 1301 2582 cum
1315 2549 1468 2594 furiales
1492 2550 1529 2583 in.

220 2595 241 2612 ‘⁶
258 2596 465 2630 concionibus
490 2607 581 2630 voces
610 2596 732 2636 mittis,
767 2607 850 2629 cum
878 2596 1002 2628 domos
1036 2596 1166 2629 cisium
1195 2596 1333 2637 exertis,
1368 2606 1450 2629 cum
1479 2596 1528 2629 la·

220 2642 398 2685 “pidibus
425 2643 577 2686 optimos
603 2642 695 2675 viros
723 2643 837 2686 pellis,
875 2645 942 2675 etc.
971 2653 1054 2675 cum
1082 2641 1275 2684 baccharis,
1313 2653 1395 2676 cum
1424 2642 1527 2681 fnris;

221 2688 243 2704 “
257 2691 333 2721 tum
349 2689 412 2722 das
439 2699 498 2722 eas
521 2698 659 2733 poenas,
685 2699 764 2733 quae
782 2690 864 2723 solae
882 2691 964 2721 sunt
981 2688 1164 2722 hominum
1182 2689 1306 2723 sceleri
1332 2700 1352 2722 a
1369 2689 1446 2722 Diis
1465 2689 1528 2721 im-

221 2733 243 2750 “
260 2735 465 2769 mortalibus
489 2735 692 2770 constitutae
727 2761 735 2769 .
761 2761 768 2769 .
795 2759 801 2766 .
830 2763 836 2770 .
873 2736 1033 2770 Deorum
1055 2736 1125 2770 tela
1150 2736 1187 2771 in
1214 2736 1403 2781 impiorum
1433 2746 1530 2768 nien·

221 2781 242 2796 “
260 2779 354 2814 tibus
370 2782 554 2825 figuntur?
