1918 3254
278 701 364 737 Edit

274 750 319 784 N.
329 727 385 783 20’.

226 958 272 993 ,’.
290 961 345 993 22.

253 1625 276 1660 ‘1

294 1627 339 1662 53

454 258 518 303 00
948 255 1048 292 PRo
1073 254 1285 291 Ancum.

518 357 762 412 Quintum
802 352 1046 402 Roscium
1084 352 1289 401 Gallum
1321 352 1444 401 dicit
1464 353 1561 401 illis
1584 358 1772 416 tempo-

451 439 590 499 ribus
622 437 882 485 inlustrem
918 435 1098 484 comici
1123 435 1287 500 operis
1323 444 1594 493 auctorem,
1619 451 1771 498 quem

452 519 829 568 familiarissime
846 518 1025 569 Cicero
1041 518 1228 575 dilexit,
1249 519 1444 583 quinon
1460 521 1558 568 ηαδ
1572 519 1771 585 pridem

450 602 551 651 vita
574 609 871 650 excesserat.

517 685 645 734 ILLE
681 685 904 733 MARIUS
943 684 1107 733 IDEMb
1132 700 1332 734 EXIMIE
1371 684 1448 733 .L.
1486 684 1770 733 (ἷιοωυΜς

451 784 697 817 D1LEXIT.

517 851 619 899 Hic
641 851 833 915 primus
859 850 1035 898 Romae
1059 851 1227 899 studia
1251 849 1407 898 latina
1430 849 1616 898 docuit.

517 934 670 982 ERGO
709 949 879 982 ILLUM
923 949 1013 983 QUI
1059 949 1172 983 HAEc
1210 949 1450 983 FECERAT
1498 933 1769 981 RumNuM

450 1033 729 1066 HOMINEM.

515 1087 736 1148 Natione
772 1099 1008 1147 Rudinus
1042 1099 1163 1148 fuitd
1197 1099 1407 1156 Ennius,
1445 1115 1598 1162 quem
1625 1112 1771 1160 supe-

447 1182 546 1231 rior
584 1182 857 1231 Africanus
905 1182 1147 1230 dilectum
1192 1181 1575 1230 familiarissime
1618 1179 1768 1226 etiam

449 1264 819 1314 communicato
865 1264 1118 1326 sepulchri
1159 1266 1348 1313 honore
1403 1264 1453 1311 in
1510 1262 1770 1310 Maiorum

446 1365 653 1398 suorum
677 1364 939 1395 numerum
974 1348 1180 1410 redegit.
1251 1345 1587 1410 Sepulchrum
1615 1343 1771 1391 fuisse

448 1431 688 1479 traditum
709 1437 852 1478 extra
876 1437 1069 1493 portam
1097 1429 1353 1493 Capenam
1377 1428 1514 1477 mille
1535 1429 1636 1475 fere
1659 1441 1772 1491 pas-

450 1514 591 1562 sibus
616 1515 680 1562 ab
707 1514 849 1561 Urbe
874 1512 1186 1561 seiunctum.e

516 1599 662 1654 QUID
690 1613 895 1645 NosTER
921 1612 1013 1644 HIC
1040 1595 1309 1644 MAGNus?

454 1770 461 1810 ¹.
495 1763 509 1778 ²²
534 1758 623 1792 Cod.
640 1757 698 1803 qui
714 1768 779 1789 non
794 1768 814 1789 α
823 1756 960 1802 pridem
970 1755 1093 1789 relicto
1110 1755 1270 1801 spatiolo.
1319 1754 1449 1791 Visum
1465 1756 1517 1795 est
1529 1752 1767 1797 supplendum

445 1811 506 1839 tta.

494 1851 508 1872 '³
533 1851 638 1885 Forte
656 1850 903 1894 corrigendum
920 1849 1009 1892 item,
1027 1853 1068 1882 ut
1080 1848 1253 1882 editiones
1266 1847 1410 1880 habent.

493 1903 508 1919 ⁰
532 1898 659 1931 Codex
676 1901 795 1941 aperte
811 1897 852 1930 L.
871 1895 1048 1929 Clodium.
1098 1895 1145 1928 Et
1161 1894 1306 1938 quidem
1322 1893 1468 1926 Clodius
1480 1891 1559 1936 (sed
1576 1901 1659 1924 cum
1675 1901 1766 1934 prae-

446 1945 591 1980 nomine
616 1943 772 1984 Servius)
795 1946 1000 1977 recensetur
1015 1953 1036 1975 a
1060 1941 1228 1975 Svetonio
1251 1941 1342 1972 inter
1367 1940 1478 1972 claros
1506 1938 1767 1971 Grammaticos

445 2003 556 2035 gener
574 1991 679 2024 Lucii
695 1990 781 2023 AElii
805 1990 889 2022 item
907 1987 1150 2034 Grammatici,
1167 1987 1228 2030 qui
1254 1986 1298 2026 Q.
1324 1986 1515 2019 Metellum
1531 1983 1766 2018 Numidicum

445 2040 484 2072 in
498 2039 644 2071 exilium
665 2036 854 2070 comitatus
871 2038 935 2069 est.
985 2035 1081 2078 Ergo
1098 2034 1245 2067 Clodius
1261 2033 1306 2066 ad
1331 2032 1497 2065 Mariana
1512 2034 1673 2076 tempora
1687 2040 1766 2073 per-

441 2085 545 2119 tinet.
595 2083 741 2130 Clodius
755 2082 914 2129 Licinius
929 2081 1115 2121 historicus
1129 2081 1221 2126 circa
1236 2080 1361 2124 eadem
1378 2082 1537 2123 tempora
1550 2080 1766 2111 memoratur

446 2143 467 2164 a
484 2131 587 2164 Livio
604 2131 684 2164 Lib.
701 2126 807 2163 xxix.
856 2128 1003 2161 Clodius
1020 2127 1222 2161 Historieus
1243 2128 1329 2160 item
1347 2137 1367 2159 a
1384 2123 1506 2159 Servio
1522 2127 1558 2158 et
1571 2122 1766 2158 Plutarcho

445 2178 492 2212 V.
509 2178 543 2210 V
547 2178 679 2211 ossium
695 2177 739 2209 dc
760 2175 924 2209 Histoi-ic.
944 2175 1005 2208 lat.

492 2225 562 2258 Sed
587 2224 731 2267 vulgata
754 2222 858 2256 lectio
883 2220 1064 2254 Ciceronis
1088 2220 1197 2254 habet
1226 2220 1268 2253 L.
1294 2219 1451 2253 Plotium
1477 2220 1539 2252 aut
1567 2216 1762 2251 Plautium.

443 2272 554 2305 Porro
569 2271 611 2304 L.
625 2271 804 2304 Plautium
816 2268 969 2312 primuni
984 2268 1110 2301 Romae
1126 2267 1288 2300 docuisse
1301 2266 1422 2306 latine,
1433 2277 1470 2299 se
1481 2275 1602 2310 puero,
1613 2266 1764 2296 testatur

444 2318 569 2352 Cicero
585 2318 622 2351 iu
639 2318 668 2351 F
671 2327 779 2360 ragin.
798 2314 910 2358 Epist.
925 2315 970 2347 ad
985 2314 1195 2348 Titinnium.
1244 2313 1341 2356 Ergo
1358 2323 1468 2356 quum
1485 2314 1604 2344 noster
1620 2319 1763 2353 quoque

442 2365 624 2408 lutei-pres
648 2364 744 2397 idem
769 2362 865 2394 dicat
890 2361 1054 2394 adhunc
1078 2361 1208 2400 locum,
1233 2359 1375 2394 videtur
1398 2358 1542 2392 omnino
1565 2355 1692 2399 legisse
1717 2355 1761 2388 L.

442 2412 600 2445 Plotium
618 2415 679 2444 aut
698 2409 888 2450 Plautium,
903 2418 974 2440 non
990 2408 1032 2441 L.
1051 2406 1227 2440 Clodium.
1276 2406 1326 2440 Et
1342 2405 1486 2449 quidem
1499 2406 1618 2437 noster
1635 2401 1762 2435 Codex

441 2462 497 2492 cst
512 2457 813 2491 mendosissimus.

487 2504 502 2525 ‘¹
528 2504 655 2538 Codex
671 2503 822 2537 Ratione
840 2501 998 2536 Rudinus
1001 2500 1151 2546 finitque.

487 2555 500 2571 ⁰
526 2551 664 2584 Revera
694 2560 786 2582 auno
815 2549 959 2581 demum
985 2551 1066 2591 post
1097 2547 1160 2580 Ch.
1189 2547 1235 2580 N.
1268 2553 1485 2579 Mochxxx.
1514 2542 1653 2576 decimo
1677 2540 1761 2583 Kal.

440 2597 563 2632 Iunias
580 2597 734 2630 Ioannes
751 2595 914 2639 Baptista
930 2593 1138 2627 Vise-entius
1163 2602 1387 2626 romanarum
1404 2589 1671 2633 Antiquitatum
1689 2588 1762 2628 Cir-

438 2648 543 2683 rator,
570 2643 776 2686 Scipionum
801 2641 1028 2684 sepulchrum
1053 2641 1089 2673 in
1106 2640 1224 2673 Vinea
1244 2638 1352 2672 Saxia
1368 2636 1507 2670 detexit
1531 2646 1602 2669 non
1617 2635 1722 2678 longe
1739 2644 1761 2667 a

438 2694 557 2723 vetere
573 2694 675 2733 porta
688 2689 844 2732 Capena.
893 2687 1047 2721 Consule
1066 2686 1228 2719 Diarium
1239 2695 1427 2718 romanum
1443 2682 1568 2716 Grae-as
1581 2681 1658 2714 cius
1671 2687 1760 2713 tem-

437 2736 543 2781 poris,
560 2739 597 2768 et
621 2735 781 2768 eiusdem
799 2735 853 2769 Cl.
869 2734 1045 2768 viscontii
1071 2733 1271 2778 Epistolam
1288 2731 1326 2766 iu
1349 2729 1576 2774 Anthologiae
1601 2737 1756 2775 romauae

438 2783 553 2818 'romo
570 2791 634 2816 vn.
652 2793 685 2828 p.
702 2785 780 2818 377.
