1918 3254
598 307 699 342 PRo
724 307 961 345 PLANcm.
1355 313 1443 356 113

131 406 275 457 batur
310 405 581 453 denotasse
605 403 912 463 Laterensis,
949 405 1089 468 quod
1128 405 1290 455 multa
1329 422 1443 470 quae

129 489 341 540 facetius
364 488 468 536 dici
491 494 700 551 possent
724 503 836 535 cum
859 487 1029 552 aliqua
1052 488 1304 552 figurandi
1329 505 1441 554 sup-

127 571 338 622 tilitatea
366 589 464 620 non
496 570 910 635 praetermitteret.
981 570 1160 635 Itaque
1194 573 1291 621 hoc
1328 589 1440 622 eum

128 652 265 702 dicto
301 654 674 718 perstrinxerat,
713 655 950 702 habuisse
981 656 1239 704 materiam
1272 657 1335 704 de
1355 673 1446 706 ⁴vo-

132 737 314 785 cabulo
354 737 516 786 Cretae
549 738 727 785 insulae
759 737 954 802 aliquid
980 737 1031 785 in
1072 754 1125 785 se
1157 737 1448 786 ioculariter

130 819 350 877 dicendi,
375 837 468 868 nec
494 828 662 868 tamen
684 820 736 868 id
759 820 1092 884 excogitasse.
1165 820 1447 871 Constabat

126 902 257 950 enim
282 901 608 950 Laterensem
625 903 780 951 fuisse
796 903 847 950 in
865 902 1019 950 Creta
1038 902 1308 968 provincia.
1377 903 1449 952 Et

127 984 360 1032 solebant
395 1001 569 1033 omnes
603 983 878 1032 Candidati
913 985 1032 1032 alba
1068 991 1205 1033 creta
1244 984 1449 1035 obliniri

130 1066 412 1123 cervicem,b
427 1072 491 1114 ut,
501 1066 694 1131 populo
712 1066 1038 1115 notabiliores
1056 1078 1239 1116 essent.
1309 1068 1448 1132 Ergo

129 1148 254 1196 dicit
278 1165 392 1201 eum
426 1149 583 1197 iocari
605 1149 849 1213 potuisse,
889 1148 930 1196 si
959 1150 1025 1196 ad
1059 1150 1157 1197 hoc
1181 1151 1452 1200 adiecisset

127 1231 395 1294 ingen-ium,
434 1237 489 1279 ut
523 1231 577 1279 id
615 1231 857 1280 inveniret
892 1233 1034 1296 quod
1057 1238 1259 1296 poterat
1279 1249 1451 1282 occur-

128 1331 254 1362 rere.
326 1314 429 1362 Sed
471 1320 615 1362 acute
655 1315 826 1379 rapuit
869 1331 935 1362 ex
973 1315 1150 1363 eodem
1186 1316 1451 1381 proposito

125 1397 346 1445 validam
369 1397 764 1461 responsionem,
802 1403 860 1444 ut
883 1396 1042 1460 magis
1066 1414 1182 1445 eum
1201 1398 1451 1463 cupidum

128 1480 414 1529 lacessendi
448 1481 751 1537 ostenderet,
790 1479 881 1544 qui
909 1479 1005 1527 sibi
1028 1497 1087 1528 ea
1110 1479 1245 1529 ultro
1276 1497 1452 1545 sugge-

126 1570 259 1612 reret
293 1573 407 1627 quae
446 1563 675 1628 potuisse
715 1562 816 1610 dici
855 1564 1109 1622 fateretur,
1144 1580 1240 1612 nec
1284 1571 1452 1613 tamen

130 1645 270 1694 dicta
292 1646 407 1694 sint.

191 1728 273 1778 TE
309 1744 502 1778 ALEBAS
541 1745 609 1778 DE
645 1744 768 1777 Tms
806 1744 974 1777 REBUS
1013 1743 1204 1779 GESTIS
1242 1745 1451 1779 NULLAS

62 1808 65 1811 -
129 1827 391 1860 LITTERAS
430 1827 657 1869 MISISSE,
705 1828 843 1862 QUOD
882 1827 1011 1859 MIHI
1051 1828 1173 1860 MEAE
1210 1828 1342 1862 QUAS
1379 1830 1451 1863 AD

132 1910 375 1944 ALIQUEM
415 1911 689 1952 MISISSEM,
729 1909 1081 1942 OBFUISSENT.

198 1977 327 2026 Haec
353 1977 520 2025 omnia
543 1994 644 2025 non
665 1978 731 2025 ad
752 1993 894 2024 reum
919 1977 1009 2024 sed
1032 1977 1098 2024 ad
1123 1985 1347 2026 omnem⁰
1373 1977 1454 2028 Ci-

132 2077 365 2110 ceronem
390 2060 650 2124 pertinent,
690 2058 834 2122 quasi
868 2058 1094 2122 asperius
1123 2076 1153 2107 a
1177 2059 1455 2112 Laterense

129 2144 405 2208 proposita.
477 2142 610 2191 Nam
646 2142 898 2206 significat
917 2140 1212 2207 Epistulam
1226 2160 1329 2192 non
1351 2162 1454 2194 me-

132 2226 357 2276 diocrem
394 2226 460 2274 ad
505 2226 663 2274 instar
706 2225 974 2274 voluminis
1009 2226 1260 2290 scriptam,
1298 2244 1450 2292 quam

130 2308 379 2373 Pompeio
414 2308 466 2356 in
497 2308 675 2356 Asiam
720 2307 824 2356 DE
870 2307 1113 2356 REBUS
1161 2307 1320 2357 SUIS
1368 2309 1451 2358 IN

131 2488 154 2506 “
170 2499 358 2533 nusquam,
382 2490 451 2523 nisi
465 2489 502 2523 in
517 2489 644 2529 vocali,
669 2488 909 2532 adspiratione
928 2491 1124 2531 uterentur,
1143 2490 1315 2533 loquebar
1329 2492 1392 2533 sic,
1409 2494 1452 2526 ut

130 2536 150 2552 “
163 2535 310 2580 pulcros,
349 2535 500 2582 Oetegox,
539 2536 715 2580 ἔνὶιιηιροε,
756 2535 988 2581 Kartaginem
1024 2537 1183 2570 dicerem
1197 2548 1205 2571 t
1247 2537 1450 2582 aliquando,

130 2583 152 2599 “
169 2582 278 2627 idque
295 2592 383 2624 sero,
396 2582 558 2616 convicio
571 2582 721 2622 aurium,
734 2592 817 2614 omn
831 2586 971 2616 extorta
981 2583 1067 2616 mihi
1080 2583 1210 2616 veritas
1223 2588 1327 2626 esset,
1344 2595 1454 2619 usum

131 2629 153 2645 ‘⁶
170 2629 339 2672 loquendi
362 2630 496 2673 populo
513 2629 684 2670 concessi,
710 2628 895 2661 scientiam
915 2629 1002 2663 mihi
1023 2629 1231 2664 reservavi.⁷'
1278 2630 1325 2666 V.
1342 2632 1449 2666 etiam

135 2675 297 2718 superius
310 2686 344 2719 p.
363 2685 400 2709 11.
419 2687 452 2708 n.
471 2679 503 2709 2.

181 2725 195 2740 ‘²
220 2720 309 2754 Cod.
324 2721 516 2767 suptilitati.

178 2765 192 2787 ¹²
218 2767 314 2800 Nota
326 2778 459 2801 morem
472 2768 754 2801 Candidatorum
766 2766 947 2803 oblinendi
958 2769 1132 2803 cervicem
1144 2773 1262 2808 creta:
1279 2780 1363 2804 nam
1376 2772 1450 2815 ple-

133 2813 233 2856 rique
250 2814 448 2857 Antiquarii
463 2817 582 2857 togam
610 2814 732 2858 utiquc
758 2815 820 2848 scd
848 2826 918 2849 non
946 2816 1121 2850 cervicem
1150 2819 1247 2850 creta
1264 2817 1410 2851 oblitam
1429 2829 1449 2850 a

133 2859 343 2901 petitoribus
355 2866 511 2893 narrant.

181 2912 191 2925 ¹·
218 2905 275 2939 [ta
293 2908 478 2950 perspicue
494 2906 617 2940 Codex
635 2919 776 2940 omnem.
1243 2920 1253 2943 1
