1971 3263
473 327 538 371 34
966 324 1067 358 PRO
1092 323 1305 361 FLACCO.

473 424 757 489 improvisa,
785 423 827 470 si
842 421 1124 480 sollicitata,
1161 423 1202 471 si
1233 423 1498 482 concitata,
1526 423 1567 472 si
1591 428 1780 480 coacta,

475 508 517 557 si
535 507 721 570 impia3
758 505 798 552 si
830 511 1027 562 temere,
1065 504 1106 552 si
1141 506 1329 569 putide,
1367 507 1408 555 si
1444 508 1787 556 inconstanter

472 589 675 637 nomina
697 586 830 634 misit
852 587 901 634 in
924 588 1021 635 hoc
1055 587 1301 636 iudicium
1322 605 1413 653 per
1437 590 1782 653 egentissimos

472 677 639 727 testes,
675 670 786 734 ipsa
807 676 976 717 autem
999 670 1120 718 nihil
1141 671 1284 734 queri
1309 709 1319 719 .
1359 710 1370 719 .
1408 709 1418 719 .
1456 710 1468 730 ,
1505 674 1570 721 de
1590 673 1785 721 iniuriis

471 752 667 817 potest?
745 753 938 800 Tamen
988 770 1065 811 ne,
1114 753 1332 811 Iudices,
1382 754 1490 802 haec
1530 756 1591 802 ad
1633 756 1787 803 breve

471 843 671 900 tempus
710 836 883 883 audita
910 836 1168 900 longinqui
1193 837 1437 902 ‘temporis
1473 836 1786 900 cognitarum

471 936 638 967 rerum
669 919 819 967 fidem
845 920 1192 983 derogabunt?

538 1001 748 1050 Tenebo
771 1002 922 1065 igitur
955 1002 1090 1049 hunc
1116 1000 1338 1049 ordinem
1363 1002 1608 1060 defensor,
1635 1017 1789 1066 quem

470 1086 600 1149 fugit
616 1085 863 1142 inimicus,
890 1091 937 1134 el.
960 1090 1303 1132 accusatorem
1324 1086 1514 1148 urgebo
1539 1090 1693 1149 atque
1715 1084 1787 1132 in-

472 1185 671 1232 sequar,
698 1176 745 1217 et
768 1169 901 1216 ultro
927 1167 1114 1215 crimen
1133 1168 1197 1215 ab
1222 1167 1508 1215 adversario
1531 1167 1787 1231 flagitabo.

474 1251 614 1306 Quid
638 1258 726 1309 est,
753 1251 893 1307 Laeli,
914 1250 1166 1314 numquid
1184 1266 1244 1297 ea
1268 1287 1278 1297 .
1301 1288 1311 1297 .
1338 1287 1348 1297 .
1377 1267 1504 1298 ‚vere
1525 1289 1534 1297 .
1557 1287 1567 1296 .
1593 1287 1604 1297 .
1624 1249 1788 1297 dicis?

475 1333 564 1398 qui
583 1334 786 1397 quidem
803 1351 904 1382 non
922 1334 972 1381 in
994 1333 1171 1380 umbra
1194 1349 1355 1396 neque
1389 1332 1440 1380 in
1468 1332 1604 1380 illius
1625 1331 1787 1380 aetatis

474 1416 754 1479 disciplinis
804 1415 1100 1478 artibusque
1146 1421 1369 1462 versatus
1415 1421 1506 1462 est.
1589 1414 1790 1463 Etenim

472 1513 601 1561 puer
620 1514 736 1544 cum
760 1503 901 1560 patre
927 1498 1136 1546 consule
1181 1498 1244 1545 ad
1280 1498 1471 1547 bellum
1496 1503 1574 1547 est
1595 1499 1788 1563 profec-

473 1585 569 1627 tus.
640 1579 894 1628 Nimirum
935 1579 1085 1628 etiam
1114 1580 1213 1629 hoc
1236 1580 1347 1645 ipso
1370 1581 1572 1630 nomine
1594 1581 1790 1647 aliquid

627 1701 636 1710 .
675 1669 837 1710 asus.¹¹¹

676 1766 699 1781 ¹¹¹
724 1762 885 1796 Dimidia
901 1763 1078 1797 columnae
1095 1774 1175 1808 pars
1187 1763 1343 1797 abscissa
1355 1763 1421 1797 fuit
1435 1774 1454 1797 e
1466 1763 1614 1798 Codice.

576 1989 861 2024 TULLIANAE
886 1990 1166 2025 ORATIONIS
1193 1991 1294 2024 PRO
1324 1990 1498 2024 COELIO
1523 1989 1699 2025 EDITAE

795 2063 952 2090 VARIAE
983 2064 1192 2103 ALIQUOT
1223 2063 1483 2092 LEcT10NEs

667 2135 711 2159 ex
741 2135 816 2160 uno
834 2122 946 2167 folio
976 2123 1140 2162 eiusdem
1162 2122 1316 2162 Codicis
1344 2123 1620 2175 antiquissimi.

481 2261 667 2291 Enrrmxxs
696 2261 840 2304 Cqmcxs
942 2263 1150 2293 Vznmmcu
1174 2263 1312 2293 Enum-
1526 2264 1656 2295 Connx:

718 2304 789 2339 Col.
805 2305 837 2338 I.

484 2349 528 2384 T.
545 2349 575 2385 I.
589 2361 625 2396 p.
641 2352 721 2385 663.
737 2362 770 2384 v.
781 2354 838 2385 38.
925 2351 1112 2385 emittendi
1160 2376 1398 2386 .....
1447 2352 1629 2386 eximendi

729 2408 763 2431 v.
778 2400 836 2433 40.
921 2408 1039 2441 neque
1055 2397 1235 2441 proprium
1248 2409 1349 2443 quae-
1373 2399 1504 2442 (neque
1521 2398 1703 2443 proprium

947 2444 1071 2478 stionis
1086 2444 1221 2478 crimen
1274 2469 1282 2478 .
1332 2469 1341 2478 .
1365 2444 1526 2489 (quidem
1547 2445 1681 2479 crimen

692 2488 763 2525 Col.
780 2489 838 2524 II.
1430 2490 1637 2534 quaestionis

754 2547 788 2570 v.
801 2539 835 2570 2.
924 2536 1085 2570 discessit
1166 2560 1175 2570 .
1223 2561 1231 2570 .
1281 2561 1289 2569 .
1339 2561 1348 2571 .
1373 2536 1527 2570 decessit

802 2585 836 2617 5.
924 2583 1121 2616 extiterunt
1166 2608 1174 2616 .
1223 2605 1232 2617 .
1280 2607 1289 2616 .
1339 2607 1348 2616 .
1373 2583 1567 2616 extiterant

803 2633 837 2663 9.
923 2628 1011 2661 abiit
1049 2653 1347 2663 ......
1371 2629 1447 2662 abit

792 2694 835 2709 --.
920 2675 1074 2718 querelae
1110 2699 1346 2710 .....
1372 2675 1540 2718 querellae

782 2723 836 2756 12.
921 2723 1048 2767 postea
1059 2720 1191 2756 nemini
1224 2747 1233 2756 .
1283 2746 1292 2756 .
1340 2746 1350 2758 .
1373 2725 1499 2767 postea
1517 2721 1651 2755 nemini
1687 2749 1702 2762 χ

1406 2778 1580 2813 umquam

1539 2955 1594 2992 M.
1618 2953 1799 2991 TULLII
