1918 3254
278 1057 374 1095 Edit.

260 1108 305 1142 N.
330 1111 385 1142 34.

254 1481 298 1515 N.

324 1485 380 1516 36.

443 296 505 339 80
935 288 1034 330 PRO
1073 288 1254 331 sYLLAz

444 391 607 440 Decio
642 392 843 438 functus
879 396 956 436 est
991 390 1327 438 consulatum.
1398 391 1530 440 Hice
1557 405 1619 439 ex
1654 390 1745 439 vir-

441 480 544 521 tute
570 489 845 534 cognomen
879 472 1131 537 Torquati
1158 473 1346 530 habuit,-
1372 477 1510 538 quod
1545 491 1645 522 uno
1681 475 1746 521 de

442 555 604 603 Gallis
637 555 865 603 hostibus
902 555 1177 612 intel-seem,
1214 562 1443 619 torquem
1483 558 1576 605 sibi
1611 557 1747 605 velut.

441 638 658 702 spolium
684 638 905 703 superati
923 639 1081 687 hostis
1100 639 1344 686 induerat.
1392 640 1477 688 Ab
1503 640 1595 687 hoc
1616 655 1747 688 com-

439 720 660 784 perimus
701 720 885 768 Filium
917 738 1016 769 non
1057 722 1121 769 ob
1162 721 1372 785 aliquod
1413 721 1745 776 criminosum,

439 803 530 850 sed
553 803 828 865 gloriosum
852 810 902 851 et
925 803 1138 851 militare
1162 804 1356 851 facinus
1381 803 1745 867 interemptum,

439 887 579 950 quod
605 893 778 934 contra
800 886 965 934 Patris
989 886 1236 950 inperium
1259 904 1370 935 cum
1398 888 1555 944 hoste,
1581 902 1749 950 quam-

438 970 511 1017 vis
534 969 757 1026 feliciter,
784 969 1089 1018 dimicasset.

504 1052 696 1101 ATQUE
732 1068 905 1099 ETIAM
938 1067 1103 1099 ILLUD
1139 1067 1327 1100 ADDAM
1365 1051 1554 1101 NEme
1579 1067 1746 1101 Fon'ri:

440 1150 689 1183 INCIPrAT
727 1150 994 1183 INPROBUS
1038 1150 1227 1182 SUBITO
1264 1151 1332 1182 TE
1370 1151 1575 1192 AMARE,
1607 1134 1748 1182 TOR-⁸

438 1234 629 1268 QUATE.

504 1302 610 1350 Ista
635 1301 758 1349 dicit
781 1301 1024 1348 insidiosa
1061 1300 1281 1363 quadam
1305 1298 1614 1362 benignitate
1643 1315 1751 1363 per-

438 1385 683 1447 stringens
708 1384 1062 1431 adversarium.

504 1468 616 1515 ABg
660 1467 1083 1514 ALLOBROGIBUS
1138 1482 1470 1514 NOMINATUM
1526 1465 1747 1513 SYLLAM

440 1565 560 1598 ESSE
598 1566 757 1599 DICIS.
852 1551 986 1605 Qms
1026 1549 1241 1597 NEGAT?
1295 1565 1390 1597 sm)
1427 1565 1568 1597 LEGE
1607 1564 1750 1597 mm·-

438 1649 573 1681 CIUM
601 1649 665 1681 ET
693 1649 825 1680 VIDE
850 1648 1271 1681 QUEMADMODUM
1297 1647 1614 1680 NOMINATUS
1649 1647 1748 1678 s1T.

507 1717 665 1764 Facta
700 1717 761 1763 ab
790 1715 976 1763 indicio
1001 1714 1338 1777 Allobrogum
1372 1721 1423 1762 et
1453 1714 1608 1762 inlata
1642 1730 1753 1778 pro⁴

437 1800 638 1864 positio,
672 1814 734 1846 ne
759 1798 922 1846 sensio
938 1796 955 1820 ¹¹
996 1798 1047 1845 in
1089 1797 1395 1845 contrarium
1423 1803 1674 1860 vergeret.
1703 1836 1712 1844 .
1738 1829 1748 1844 .-

438 1881 832 1945 Vigilantissime
871 1880 1032 1944 ipsius
1076 1880 1245 1928 indicii
1290 1881 1495 1927 modum
1537 1886 1751 1928 tractare

440 1966 706 2027 adgressus
726 1970 814 2021 est,
839 1971 889 2011 et
906 1962 1195 2011 ostenderes
1221 1963 1461 2027 quaesisse
1486 1962 1665 2011 Gallos
1688 1963 1752 2010 de

486 2148 499 2163 θ
525 2144 573 2176 Su
625 2142 694 2176 levi
710 2142 792 2175 Hic.

487 2190 499 2210 f
521 2153 632 2234 Negiiz'
660 2199 723 2233 pro
748 2188 864 2233 nequis
888 2188 1071 2221 evidenter
1094 2186 1203 2221 babet
1231 2189 1350 2220 noster
1375 2186 1500 2221 Codex
1560 2187 1619 2221 Sic
1644 2186 1751 2231 paulo

439 2236 530 2270 infra
545 2237 590 2270 N.
606 2239 662 2269 39.
678 2234 784 2280 aliqui
801 2245 864 2279 pro
879 2234 1002 2279 aliquis
1018 2235 1127 2267 semel
1143 2234 1268 2267 Cicero
1285 2237 1321 2266 et
1337 2234 1446 2266 semel
1472 2234 1662 2278 Interpres·.
1688 2233 1753 2267 Iti-

441 2282 523 2316 dem
539 2283 585 2316 ad
601 2282 700 2316 Orat.
723 2294 786 2327 pro
805 2281 960 2321 Plancio,
981 2281 1026 2314 N.
1043 2284 1099 2315 68.
1115 2280 1204 2326 siqui
1220 2290 1281 2324 pro
1305 2280 1410 2325 siquis
1425 2280 1546 2314 scribit
1561 2280 1752 2323 Interpres,

440 2329 659 2364 Huiusmodi
675 2336 794 2362 autem
808 2327 1074 2361 terminationes
1084 2327 1243 2370 pluribus
1257 2326 1429 2370 exemplis
1442 2337 1487 2360 ex
1501 2327 1639 2367 Plauto,
1653 2325 1754 2359 Cice-

439 2386 535 2418 rone,
545 2375 671 2415 Genio,
683 2375 804 2414 Paulo,
813 2374 1202 2419 Apu1eio,‘1'ertuniano
1213 2376 1414 2416 propugnat
1427 2372 1572 2406 Vossius
1582 2373 1622 2405 de
1629 2372 1754 2405 Gram-

440 2429 520 2456 mat.
536 2423 613 2457 Lib,
630 2432 679 2455 vi.
691 2433 768 2465 cap.
784 2425 815 2455 8.
829 2421 1101 2463 concluditque:
1119 2423 1140 2437 ‘⁶
1153 2420 1273 2453 Multa
1285 2419 1388 2452 huius
1400 2419 1538 2461 generis
1550 2419 1586 2452 in
1599 2418 1752 2462 antiquis

441 2471 463 2487 ‘⁶
480 2473 562 2502 sunt
585 2468 778 2506 codicibus,
801 2478 881 2511 quae
901 2467 1055 2510 imperiti
1077 2466 1203 2500 librarii
1221 2467 1423 2499 mutarunt:
1450 2465 1751 2508 quemadmodum

442 2518 463 2533 “
479 2516 570 2549 inter
587 2515 673 2548 alios
685 2518 859 2547 testantur
874 2514 998 2546 Petrus
1017 2513 1196 2546 Victorius
1213 2512 1383 2554 castigat.
1400 2512 1434 2544 in
1454 2511 1555 2544 Caelii
1574 2511 1751 2554 Epistolas

443 2563 465 2578 ‘⁶
483 2562 528 2594 ad
545 2562 753 2595 Ciceronem
770 2565 804 2593 et
817 2561 972 2593 Obertus
988 2559 1170 2592 Victorius
1184 2559 1262 2592 Ind.
1279 2558 1420 2591 Lucret.
1435 2568 1521 2590 voce
1537 2557 1637 2594 Qui?
1663 2558 1753 2590 Nos-

443 2612 496 2641 ter
514 2609 623 2641 ctiam
640 2608 765 2641 Codex
788 2606 1051 2650 antiquissimus
1071 2616 1143 2639 rcm
1169 2605 1367 2638 luculenter
1391 2605 1584 2637 coufirmat.
1634 2603 1753 2644 Quare

443 2654 539 2687 haud
551 2655 623 2688 scio
640 2665 710 2698 quo
723 2655 797 2687 iure
811 2653 1030 2686 Porcellinus
1048 2652 1091 2685 ad
1103 2652 1225 2685 vocab.
1264 2649 1396 2694 Aliqui,
1412 2651 1568 2684 locorum
1582 2650 1752 2687 omnium,

444 2701 504 2745 qui
518 2712 579 2779 plan
591 2701 656 2733 hac
674 2701 845 2779 εθὲῒεέίίῑι
859 2700 1061 2779 3Πέἑυηῒιιι·,
1078 2700 1247 2731 incertam
1267 2697 1453 2776 llectioncgin
1473 2696 1691 2778 prtonugffiiett.

491 2752 506 2773 ἓ
567 2750 644 2779 ecte
660 2746 697 2780 in
747 2758 768 2779 o
798 2747 850 2779 icc
876 2757 895 2778 a
947 2746 1016 2779 itur
1056 2756 1104 2778 rae
1120 2744 1234 2779 ›ositio
1250 2755 1269 2777 ιι
1292 2768 1300 2776 .
1317 2754 1398 2787 quae
1441 2754 1499 2776 ees
1530 2743 1569 2777 in
1644 2743 1655 2776 i
1674 2743 1753 2776 ioue

444 2794 567 2826 saltem
586 2793 787 2836 Verburgii.
1031 2756 1054 2789 p
1108 2756 1119 2789 ι

491 2839 505 2859 *¹
533 2840 563 2872 N
568 2842 627 2872 ota
640 2850 770 2872 nomen
785 2839 891 2873 senasio
903 2849 965 2883 pto
981 2837 1154 2881 semema,
1170 2840 1212 2871 ut
1226 2837 1262 2871 in
1280 2836 1366 2871 Isid.
1381 2836 1535 2871 Glossar.

490 2887 498 2907 ¹'
523 2885 611 2920 Cod.
628 2886 807 2920 osteudens.
