1971 3263
481 324 539 366 18
962 293 1064 350 rao
1088 315 1300 352 SCAURo.

479 428 586 467 tuni
626 417 868 480 penderet
900 428 964 460 ex
1002 418 1145 470 teste,
1183 415 1274 462 sed
1299 413 1440 478 quod
1490 412 1790 476 ponderaret

479 501 647 549 Iudex
670 499 777 562 ipse
800 513 890 561 per
914 513 982 544 se.
1053 495 1239 559 Neque
1259 513 1390 554 vero,
1421 495 1627 545 Iudices
1652 494 1801 559 quic«

479 600 632 647 quam
669 581 810 629 aliud
842 580 892 628 in
930 579 1104 642 ignoto
1143 579 1300 626 teste*
1333 580 1496 627 facere
1532 579 1793 634 debemus,

478 664 572 712 nisi
607 669 667 711 ut
703 668 1014 726 argumento,
1052 662 1360 718 coniectura,
1398 661 1686 724 suspicione
1725 676 1798 708 re-

479 763 590 795 rum
610 746 836 810 ipsarum
853 746 950 794 vim
973 750 1309 809 naturamque
1327 760 1631 809 quaeramus.
1681 742 1801 792 Ete-

480 830 586 878 nim
609 829 752 878 testis
775 845 875 878 non
900 830 1054 878 modo
1078 829 1203 878 Afer
1218 828 1234 851 ¹³
1257 833 1344 876 aut
1375 828 1570 876 Sardus
1594 828 1735 892 (sane
1758 824 1802 874 si

483 913 555 962 ita
590 930 644 960 se
678 912 763 960 isti
793 913 991 961 malunt
1024 911 1290 973 nominari)
1325 912 1415 959 sed
1456 908 1621 974 quivis
1654 907 1806 957 etiam

482 997 761 1061 elegantior
794 1014 854 1045 ac
891 995 1169 1059 religiosior
1196 993 1386 1059 inpelli,
1424 990 1681 1049 deterreri,
1716 991 1806 1038 fin-

483 1081 548 1146 gi,
584 1081 722 1129 flecti
760 1085 959 1145 potest:
995 1078 1231 1128 dominus
1270 1083 1346 1124 est
1384 1076 1494 1138 ipse
1529 1071 1805 1124 voluntatis

484 1180 605 1218 suae,
658 1163 709 1211 in
757 1181 862 1227 quo
917 1167 994 1210 est
1042 1159 1273 1224 inpunita
1322 1157 1528 1220 {impl-{1151}
1584 1155 1807 1205 licentia.

485 1246 860 1309 Argumentum
882 1261 1001 1293 vero
1039 1260 1144 1306 quo
1176 1241 1304 1305 quid
1334 1246 1412 1288 est
1442 1238 1704 1303 proprium
1731 1238 1804 1287 rei

485 1329 674 1393 (neque
697 1328 830 1375 enim
856 1327 1015 1374 ullum
1041 1326 1182 1374 aliud
1206 1328 1560 1387 argumentum
1590 1336 1706 1369 vere
1727 1335 1808 1369 vo-

488 1411 593 1459 cari
617 1410 807 1474 potest)
832 1427 1002 1458 rerum
1034 1425 1134 1456 vox
1171 1413 1263 1463 est,
1301 1401 1499 1453 naturae'
1525 1402 1810 1466 vestigium,

486 1493 710 1542 veritatis
747 1498 882 1541 nota,
952 1491 1017 1540 Id
1057 1490 1435 1554 qualecumque
1473 1493 1565 1544 est,
1609 1492 1812 1535 maneat

484 1574 799 1623 immutabile
822 1590 1031 1622 necesse
1054 1578 1145 1620 est.
1216 1571 1337 1619 Non
1360 1570 1492 1618 enim
1515 1569 1720 1633 fingitur
1743 1569 1808 1620 ab

489 1658 722 1715 Oratore,
755 1658 846 1705 sed
871 1655 1104 1705 sumitur.
1176 1653 1348 1707 Quare
1370 1653 1423 1702 in
1444 1669 1504 1701 eo
1526 1669 1712 1721 genere
1732 1669 1813 1701 ac-

488 1740 764 1790 cusationis
803 1740 846 1787 si
879 1739 1116 1795 vincerer,
1155 1737 1541 1785 succumberem
1581 1742 1632 1785 et
1669 1736 1813 1785 cede-

488 1841 620 1874 rem:
662 1824 888 1872 vincerer
927 1839 1099 1879 causa,
1144 1818 1371 1868 vincerer
1415 1820 1639 1868 veritate.
1707 1819 1814 1883 Ag·¹

489 1925 606 1956 men
628 1913 685 1955 tu
708 1906 831 1954 mihi
856 1906 1071 1954 inducas
1098 1903 1379 1951 Sardorum
1410 1908 1461 1950 et
1483 1908 1726 1960 catervas,
1763 1908 1816 1950 et

493 2008 573 2040 me
596 2006 699 2038 non
722 1989 1016 2037 criminibus
1042 2003 1236 2051 urgere,
1271 1987 1363 2034 sed
1387 1985 1818 2051 Afrorumfremi·

492 2080 550 2121 tu
583 2078 770 2120 terrere
804 2087 999 2119 conere.
1072 2070 1193 2119 Non
1226 2076 1406 2134 potero
1444 2070 1683 2134 equidem
1712 2070 1815 2119 dis-

492 2142 688 2219 putare,
731 2153 822 2201 sed
861 2155 928 2201 ad
969 2155 1149 2203 horum
1190 2155 1342 2202 fidem
1383 2159 1434 2201 et
1471 2153 1817 2202 mansuetudi-

494 2244 637 2286 nemc
684 2236 975 2302 confugiam
1020 2273 1230 2286 .....
1268 2235 1358 2299 qui
1403 2237 1534 2285 hanc
1578 2235 1816 2285 familiam

697 2397 724 2423 ᾖ
757 2396 967 2438 scholium
986 2396 1155 2437 minutis
1174 2395 1412 2438 rudioribus
1430 2394 1590 2436 litteris.

558 2470 719 2513 Cecidit
743 2470 858 2513 locus
886 2469 1113 2512 communis
1143 2470 1306 2524 duplex,
1335 2483 1438 2510 unus
1471 2467 1712 2523 argumentis
1732 2484 1820 2511 esse

502 2546 763 2597 credendum,
796 2547 895 2586 alter
920 2546 1088 2587 testibus
1118 2558 1199 2585 non
1225 2542 1480 2585 credendum.
1545 2542 1652 2589 Quis
1682 2557 1764 2584 non
1782 2552 1821 2585 te

612 2651 620 2659 .
652 2618 913 2673 argumenti.
955 2649 966 2659 .
1006 2649 1017 2659 .

553 2804 567 2823 ¹³
594 2802 699 2836 D'urit
714 2802 840 2836 Cicero
856 2802 1019 2846 superius
1036 2801 1081 2835 de
1097 2799 1268 2835 Africana
1283 2798 1417 2844 origine
1433 2800 1636 2838 Sardorum.

554 2855 568 2872 Ε
592 2849 746 2884 Videtur
759 2849 884 2884 Cicero
902 2850 944 2884 ad
964 2848 1221 2893 perorationem
1237 2848 1438 2884 deflectere.
