<?xml version="1.0" encoding="UTF-8"?>
<!DOCTYPE html PUBLIC "-//W3C//DTD XHTML 1.0 Transitional//EN"
    "http://www.w3.org/TR/xhtml1/DTD/xhtml1-transitional.dtd">
<html xmlns="http://www.w3.org/1999/xhtml" xml:lang="en" lang="en">
 <head>
  <title>
</title>
<meta http-equiv="Content-Type" content="text/html;charset=utf-8" />
  <meta name='ocr-system' content='tesseract 3.04.00' />
  <meta name='ocr-capabilities' content='ocr_page ocr_carea ocr_par ocr_line ocrx_word'/>
</head>
<body>
  <div class='ocr_page' id='page_1' title='image "./sexorationumfrag00ciceuoft_0051.png"; bbox 0 0 1971 3263; ppageno 0'>
   <div class='ocr_carea' id='block_1_1' title="bbox 686 318 1513 363">
    <p class='ocr_par' dir='ltr' id='par_1_1' title="bbox 686 318 1513 363">
     <span class='ocr_line' id='line_1_1' title="bbox 686 318 1513 363; baseline 0 0"><span class='ocrx_word' id='word_1_1' title='bbox 686 327 788 363; x_wconf 80' lang='lat' dir='ltr'>PRo</span> <span class='ocrx_word' id='word_1_2' title='bbox 811 324 1018 362; x_wconf 75' lang='lat' dir='ltr'>TULmo,</span> <span class='ocrx_word' id='word_1_3' title='bbox 1448 318 1513 363; x_wconf 86' lang='lat'>25</span> 
     </span>
    </p>
   </div>
   <div class='ocr_carea' id='block_1_2' title="bbox 199 416 1538 2309">
    <p class='ocr_par' dir='ltr' id='par_1_2' title="bbox 199 416 1538 2309">
     <span class='ocr_line' id='line_1_2' title="bbox 200 416 1516 475; baseline -0.009 0"><span class='ocrx_word' id='word_1_4' title='bbox 200 441 311 475; x_wconf 83' lang='lat' dir='ltr'>esse</span> <span class='ocrx_word' id='word_1_5' title='bbox 336 423 411 472; x_wconf 88' lang='lat' dir='ltr'>M.</span> <span class='ocrx_word' id='word_1_6' title='bbox 437 421 626 471; x_wconf 86' lang='lat' dir='ltr'>Tullio.</span> <span class='ocrx_word' id='word_1_7' title='bbox 700 423 826 471; x_wconf 87' lang='lat' dir='ltr'>Eius</span> <span class='ocrx_word' id='word_1_8' title='bbox 862 422 931 470; x_wconf 87' lang='lat' dir='ltr'>rei</span> <span class='ocrx_word' id='word_1_9' title='bbox 972 416 1299 469; x_wconf 77' lang='lat' dir='ltr'>taxationemi</span> <span class='ocrx_word' id='word_1_10' title='bbox 1321 431 1413 465; x_wconf 90' lang='lat' dir='ltr'>nos</span> <span class='ocrx_word' id='word_1_11' title='bbox 1450 416 1516 464; x_wconf 87' lang='lat' dir='ltr'>fe·</span> 
     </span>
     <span class='ocr_line' id='line_1_3' title="bbox 199 501 1514 556; baseline -0.006 -1"><span class='ocrx_word' id='word_1_12' title='bbox 199 508 391 556; x_wconf 89' lang='lat' dir='ltr'>cimus:</span> <span class='ocrx_word' id='word_1_13' title='bbox 429 505 690 554; x_wconf 71' lang='lat' dir='ltr'>aestimatio</span> <span class='ocrx_word' id='word_1_14' title='bbox 714 512 880 555; x_wconf 88' lang='lat' dir='ltr'>vestra</span> <span class='ocrx_word' id='word_1_15' title='bbox 912 511 1015 553; x_wconf 89' lang='lat' dir='ltr'>est:</span> <span class='ocrx_word' id='word_1_16' title='bbox 1056 502 1300 551; x_wconf 90' lang='lat' dir='ltr'>iudicium</span> <span class='ocrx_word' id='word_1_17' title='bbox 1335 501 1514 548; x_wconf 87' lang='lat' dir='ltr'>datum</span> 
     </span>
     <span class='ocr_line' id='line_1_4' title="bbox 204 585 1517 653; baseline -0.005 -15"><span class='ocrx_word' id='word_1_18' title='bbox 204 595 282 638; x_wconf 88' lang='lat' dir='ltr'>est</span> <span class='ocrx_word' id='word_1_19' title='bbox 316 588 367 636; x_wconf 90' lang='lat' dir='ltr'>in</span> <span class='ocrx_word' id='word_1_20' title='bbox 404 587 784 653; x_wconf 76' lang='lat' dir='ltr'>quadruplum.k</span> <span class='ocrx_word' id='word_1_21' title='bbox 854 589 984 637; x_wconf 87' lang='lat' dir='ltr'>Cum</span> <span class='ocrx_word' id='word_1_22' title='bbox 1025 603 1196 636; x_wconf 87' lang='lat' dir='ltr'>omnes</span> <span class='ocrx_word' id='word_1_23' title='bbox 1240 585 1375 648; x_wconf 84' lang='lat' dir='ltr'>leges</span> <span class='ocrx_word' id='word_1_24' title='bbox 1415 600 1517 632; x_wconf 91' lang='lat' dir='ltr'>om-</span> 
     </span>
     <span class='ocr_line' id='line_1_5' title="bbox 202 670 1520 735; baseline -0.004 -17"><span class='ocrx_word' id='word_1_25' title='bbox 202 670 389 734; x_wconf 83' lang='lat' dir='ltr'>niaque</span> <span class='ocrx_word' id='word_1_26' title='bbox 412 670 601 717; x_wconf 86' lang='lat' dir='ltr'>iudicia</span> <span class='ocrx_word' id='word_1_27' title='bbox 625 688 738 734; x_wconf 83' lang='lat' dir='ltr'>quae</span> <span class='ocrx_word' id='word_1_28' title='bbox 763 671 917 735; x_wconf 85' lang='lat' dir='ltr'>paulo</span> <span class='ocrx_word' id='word_1_29' title='bbox 951 670 1178 734; x_wconf 75' lang='lat' dir='ltr'>graviora</span> <span class='ocrx_word' id='word_1_30' title='bbox 1201 674 1355 732; x_wconf 89' lang='lat' dir='ltr'>atque</span> <span class='ocrx_word' id='word_1_31' title='bbox 1379 682 1520 731; x_wconf 89' lang='lat' dir='ltr'>aspe-</span> 
     </span>
     <span class='ocr_line' id='line_1_6' title="bbox 204 750 1520 816; baseline -0.005 -14"><span class='ocrx_word' id='word_1_32' title='bbox 204 752 335 815; x_wconf 69' lang='lat' dir='ltr'>riora</span> <span class='ocrx_word' id='word_1_33' title='bbox 360 753 589 800; x_wconf 85' lang='lat' dir='ltr'>videntur</span> <span class='ocrx_word' id='word_1_34' title='bbox 612 770 734 810; x_wconf 90' lang='lat' dir='ltr'>esse,</span> <span class='ocrx_word' id='word_1_35' title='bbox 773 771 836 801; x_wconf 87' lang='lat' dir='ltr'>ex</span> <span class='ocrx_word' id='word_1_36' title='bbox 867 753 1215 816; x_wconf 85' lang='lat' dir='ltr'>improborum</span> <span class='ocrx_word' id='word_1_37' title='bbox 1252 750 1520 815; x_wconf 83' lang='lat' dir='ltr'>iniquitate</span> 
     </span>
     <span class='ocr_line' id='line_1_7' title="bbox 206 832 1518 896; baseline -0.004 -13"><span class='ocrx_word' id='word_1_38' title='bbox 206 842 257 889; x_wconf 85' lang='lat' dir='ltr'>et</span> <span class='ocrx_word' id='word_1_39' title='bbox 275 835 453 883; x_wconf 82' lang='lat' dir='ltr'>iniuria</span> <span class='ocrx_word' id='word_1_40' title='bbox 487 842 603 883; x_wconf 85' lang='lat' dir='ltr'>nata</span> <span class='ocrx_word' id='word_1_41' title='bbox 636 843 784 896; x_wconf 79' lang='lat' dir='ltr'>sunt3</span> <span class='ocrx_word' id='word_1_42' title='bbox 821 843 928 884; x_wconf 90' lang='lat' dir='ltr'>tum</span> <span class='ocrx_word' id='word_1_43' title='bbox 953 837 1048 884; x_wconf 90' lang='lat' dir='ltr'>hoc</span> <span class='ocrx_word' id='word_1_44' title='bbox 1073 835 1315 883; x_wconf 91' lang='lat' dir='ltr'>iudicium</span> <span class='ocrx_word' id='word_1_45' title='bbox 1341 832 1518 896; x_wconf 88' lang='lat' dir='ltr'>paucis</span> 
     </span>
     <span class='ocr_line' id='line_1_8' title="bbox 204 918 1522 982; baseline -0.003 -16"><span class='ocrx_word' id='word_1_46' title='bbox 204 918 342 966; x_wconf 86' lang='lat' dir='ltr'>hisce</span> <span class='ocrx_word' id='word_1_47' title='bbox 366 918 506 965; x_wconf 85' lang='lat' dir='ltr'>annis</span> <span class='ocrx_word' id='word_1_48' title='bbox 533 927 742 982; x_wconf 85' lang='lat' dir='ltr'>propter</span> <span class='ocrx_word' id='word_1_49' title='bbox 767 920 1023 968; x_wconf 87' lang='lat' dir='ltr'>hominum</span> <span class='ocrx_word' id='word_1_50' title='bbox 1048 919 1231 967; x_wconf 85' lang='lat' dir='ltr'>malam</span> <span class='ocrx_word' id='word_1_51' title='bbox 1257 922 1522 965; x_wconf 86' lang='lat' dir='ltr'>consuetu-</span> 
     </span>
     <span class='ocr_line' id='line_1_9' title="bbox 208 1000 1522 1064; baseline -0.002 -15"><span class='ocrx_word' id='word_1_52' title='bbox 208 1001 373 1049; x_wconf 84' lang='lat' dir='ltr'>dinem</span> <span class='ocrx_word' id='word_1_53' title='bbox 415 1000 722 1064; x_wconf 87' lang='lat' dir='ltr'>nimiamque</span> <span class='ocrx_word' id='word_1_54' title='bbox 761 1002 1012 1050; x_wconf 83' lang='lat' dir='ltr'>licentiam</span> <span class='ocrx_word' id='word_1_55' title='bbox 1055 1001 1391 1050; x_wconf 82' lang='lat' dir='ltr'>constitutum</span> <span class='ocrx_word' id='word_1_56' title='bbox 1428 1004 1522 1046; x_wconf 76' lang='lat' dir='ltr'>est:</span> 
     </span>
     <span class='ocr_line' id='line_1_10' title="bbox 208 1081 1523 1144; baseline -0.003 -12"><span class='ocrx_word' id='word_1_57' title='bbox 208 1083 339 1132; x_wconf 85' lang='lat' dir='ltr'>Nam</span> <span class='ocrx_word' id='word_1_58' title='bbox 369 1100 484 1130; x_wconf 89' lang='lat' dir='ltr'>cum</span> <span class='ocrx_word' id='word_1_59' title='bbox 523 1084 694 1131; x_wconf 86' lang='lat' dir='ltr'>multae</span> <span class='ocrx_word' id='word_1_60' title='bbox 731 1084 928 1131; x_wconf 82' lang='lat' dir='ltr'>familiae</span> <span class='ocrx_word' id='word_1_61' title='bbox 965 1084 1253 1131; x_wconf 81' lang='lat' dir='ltr'>dicerentur</span> <span class='ocrx_word' id='word_1_62' title='bbox 1296 1084 1343 1129; x_wconf 91' lang='lat' dir='ltr'>in</span> <span class='ocrx_word' id='word_1_63' title='bbox 1390 1081 1523 1144; x_wconf 83' lang='lat' dir='ltr'>agris</span> 
     </span>
     <span class='ocr_line' id='line_1_11' title="bbox 209 1166 1524 1231; baseline -0.002 -18"><span class='ocrx_word' id='word_1_64' title='bbox 209 1166 498 1230; x_wconf 85' lang='lat' dir='ltr'>longinquis</span> <span class='ocrx_word' id='word_1_65' title='bbox 539 1175 587 1214; x_wconf 89' lang='lat' dir='ltr'>et</span> <span class='ocrx_word' id='word_1_66' title='bbox 626 1167 826 1231; x_wconf 82' lang='lat' dir='ltr'>pascuis</span> <span class='ocrx_word' id='word_1_67' title='bbox 851 1172 1055 1215; x_wconf 82' lang='lat' dir='ltr'>armatae</span> <span class='ocrx_word' id='word_1_68' title='bbox 1092 1183 1217 1223; x_wconf 89' lang='lat' dir='ltr'>esse,</span> <span class='ocrx_word' id='word_1_69' title='bbox 1255 1166 1524 1228; x_wconf 82' lang='lat' dir='ltr'>caedesque</span> 
     </span>
     <span class='ocr_line' id='line_1_12' title="bbox 208 1247 1526 1312; baseline -0.002 -15"><span class='ocrx_word' id='word_1_70' title='bbox 208 1250 402 1307; x_wconf 77' lang='lat' dir='ltr'>facere3</span> <span class='ocrx_word' id='word_1_71' title='bbox 439 1266 659 1312; x_wconf 89' lang='lat' dir='ltr'>cumque</span> <span class='ocrx_word' id='word_1_72' title='bbox 698 1267 758 1297; x_wconf 84' lang='lat' dir='ltr'>ea</span> <span class='ocrx_word' id='word_1_73' title='bbox 793 1248 1114 1296; x_wconf 85' lang='lat' dir='ltr'>cousuetudo</span> <span class='ocrx_word' id='word_1_74' title='bbox 1146 1264 1244 1295; x_wconf 92' lang='lat' dir='ltr'>non</span> <span class='ocrx_word' id='word_1_75' title='bbox 1271 1247 1437 1295; x_wconf 88' lang='lat' dir='ltr'>solum</span> <span class='ocrx_word' id='word_1_76' title='bbox 1458 1247 1526 1294; x_wconf 88' lang='lat' dir='ltr'>ad</span> 
     </span>
     <span class='ocr_line' id='line_1_13' title="bbox 212 1331 1525 1396; baseline -0.002 -16"><span class='ocrx_word' id='word_1_77' title='bbox 212 1349 292 1380; x_wconf 86' lang='lat' dir='ltr'>res</span> <span class='ocrx_word' id='word_1_78' title='bbox 316 1331 639 1396; x_wconf 86' lang='lat' dir='ltr'>privatorum,</span> <span class='ocrx_word' id='word_1_79' title='bbox 679 1332 769 1378; x_wconf 90' lang='lat' dir='ltr'>sed</span> <span class='ocrx_word' id='word_1_80' title='bbox 806 1331 955 1379; x_wconf 88' lang='lat' dir='ltr'>etiam</span> <span class='ocrx_word' id='word_1_81' title='bbox 998 1332 1063 1379; x_wconf 84' lang='lat' dir='ltr'>ad</span> <span class='ocrx_word' id='word_1_82' title='bbox 1096 1347 1341 1378; x_wconf 65' lang='lat' dir='ltr'>summan-1</span> <span class='ocrx_word' id='word_1_83' title='bbox 1366 1346 1525 1394; x_wconf 89' lang='lat' dir='ltr'>remp.</span> 
     </span>
     <span class='ocr_line' id='line_1_14' title="bbox 212 1412 1528 1480; baseline -0.004 -17"><span class='ocrx_word' id='word_1_84' title='bbox 212 1414 460 1480; x_wconf 86' lang='lat' dir='ltr'>pertinere</span> <span class='ocrx_word' id='word_1_85' title='bbox 484 1413 770 1472; x_wconf 79' lang='lat' dir='ltr'>videretur3</span> <span class='ocrx_word' id='word_1_86' title='bbox 808 1414 882 1460; x_wconf 85' lang='lat' dir='ltr'>M.</span> <span class='ocrx_word' id='word_1_87' title='bbox 904 1412 1182 1462; x_wconf 87' lang='lat' dir='ltr'>Lucullus¹</span> <span class='ocrx_word' id='word_1_88' title='bbox 1216 1412 1306 1476; x_wconf 89' lang='lat' dir='ltr'>qui</span> <span class='ocrx_word' id='word_1_89' title='bbox 1331 1426 1528 1460; x_wconf 87' lang='lat' dir='ltr'>summa</span> 
     </span>
     <span class='ocr_line' id='line_1_15' title="bbox 215 1494 1527 1563; baseline -0.004 -17"><span class='ocrx_word' id='word_1_90' title='bbox 215 1498 452 1563; x_wconf 81' lang='lat' dir='ltr'>aequitate</span> <span class='ocrx_word' id='word_1_91' title='bbox 493 1514 551 1544; x_wconf 91' lang='lat' dir='ltr'>ac</span> <span class='ocrx_word' id='word_1_92' title='bbox 598 1495 846 1559; x_wconf 81' lang='lat' dir='ltr'>sapientia</span> <span class='ocrx_word' id='word_1_93' title='bbox 886 1495 964 1542; x_wconf 91' lang='lat' dir='ltr'>ius</span> <span class='ocrx_word' id='word_1_94' title='bbox 1010 1495 1150 1551; x_wconf 85' lang='lat' dir='ltr'>dixit,</span> <span class='ocrx_word' id='word_1_95' title='bbox 1199 1495 1392 1558; x_wconf 81' lang='lat' dir='ltr'>primus</span> <span class='ocrx_word' id='word_1_96' title='bbox 1430 1494 1527 1541; x_wconf 89' lang='lat' dir='ltr'>hoc</span> 
     </span>
     <span class='ocr_line' id='line_1_16' title="bbox 213 1577 1528 1643; baseline -0.003 -15"><span class='ocrx_word' id='word_1_97' title='bbox 213 1581 456 1629; x_wconf 89' lang='lat' dir='ltr'>iudicium</span> <span class='ocrx_word' id='word_1_98' title='bbox 484 1578 801 1643; x_wconf 88' lang='lat' dir='ltr'>composuit:</span> <span class='ocrx_word' id='word_1_99' title='bbox 840 1584 890 1625; x_wconf 89' lang='lat' dir='ltr'>et</span> <span class='ocrx_word' id='word_1_100' title='bbox 925 1577 977 1624; x_wconf 92' lang='lat' dir='ltr'>id</span> <span class='ocrx_word' id='word_1_101' title='bbox 1008 1577 1254 1643; x_wconf 86' lang='lat' dir='ltr'>spectavit</span> <span class='ocrx_word' id='word_1_102' title='bbox 1276 1584 1332 1625; x_wconf 89' lang='lat' dir='ltr'>ut</span> <span class='ocrx_word' id='word_1_103' title='bbox 1354 1592 1528 1624; x_wconf 88' lang='lat' dir='ltr'>omnes</span> 
     </span>
     <span class='ocr_line' id='line_1_17' title="bbox 215 1660 1532 1717; baseline -0.002 -7"><span class='ocrx_word' id='word_1_104' title='bbox 215 1662 286 1710; x_wconf 88' lang='lat' dir='ltr'>ita</span> <span class='ocrx_word' id='word_1_105' title='bbox 308 1661 522 1709; x_wconf 86' lang='lat' dir='ltr'>familias</span> <span class='ocrx_word' id='word_1_106' title='bbox 560 1678 678 1708; x_wconf 89' lang='lat' dir='ltr'>suas</span> <span class='ocrx_word' id='word_1_107' title='bbox 714 1660 1005 1717; x_wconf 83' lang='lat' dir='ltr'>contineret,</span> <span class='ocrx_word' id='word_1_108' title='bbox 1048 1666 1102 1707; x_wconf 90' lang='lat' dir='ltr'>ut</span> <span class='ocrx_word' id='word_1_109' title='bbox 1137 1676 1236 1707; x_wconf 88' lang='lat' dir='ltr'>non</span> <span class='ocrx_word' id='word_1_110' title='bbox 1271 1660 1424 1707; x_wconf 88' lang='lat' dir='ltr'>modo</span> <span class='ocrx_word' id='word_1_111' title='bbox 1459 1675 1532 1707; x_wconf 86' lang='lat' dir='ltr'>ar-</span> 
     </span>
     <span class='ocr_line' id='line_1_18' title="bbox 215 1741 1534 1800; baseline -0.002 -7"><span class='ocrx_word' id='word_1_112' title='bbox 215 1745 335 1798; x_wconf 87' lang='lat' dir='ltr'>mati</span> <span class='ocrx_word' id='word_1_113' title='bbox 359 1746 599 1792; x_wconf 88' lang='lat' dir='ltr'>damnum</span> <span class='ocrx_word' id='word_1_114' title='bbox 620 1744 804 1792; x_wconf 89' lang='lat' dir='ltr'>nemini</span> <span class='ocrx_word' id='word_1_115' title='bbox 846 1744 1039 1800; x_wconf 87' lang='lat' dir='ltr'>darent,</span> <span class='ocrx_word' id='word_1_116' title='bbox 1076 1759 1248 1790; x_wconf 87' lang='lat' dir='ltr'>verum</span> <span class='ocrx_word' id='word_1_117' title='bbox 1285 1742 1435 1790; x_wconf 89' lang='lat' dir='ltr'>etiam</span> <span class='ocrx_word' id='word_1_118' title='bbox 1464 1741 1534 1790; x_wconf 88' lang='lat' dir='ltr'>la-</span> 
     </span>
     <span class='ocr_line' id='line_1_19' title="bbox 217 1825 1532 1892; baseline -0.003 -15"><span class='ocrx_word' id='word_1_119' title='bbox 217 1828 399 1886; x_wconf 89' lang='lat' dir='ltr'>cessiti,</span> <span class='ocrx_word' id='word_1_120' title='bbox 437 1828 543 1876; x_wconf 87' lang='lat' dir='ltr'>iure</span> <span class='ocrx_word' id='word_1_121' title='bbox 569 1846 621 1876; x_wconf 88' lang='lat' dir='ltr'>se</span> <span class='ocrx_word' id='word_1_122' title='bbox 645 1828 815 1892; x_wconf 88' lang='lat' dir='ltr'>potius</span> <span class='ocrx_word' id='word_1_123' title='bbox 840 1844 994 1891; x_wconf 86' lang='lat' dir='ltr'>quam</span> <span class='ocrx_word' id='word_1_124' title='bbox 1017 1825 1166 1874; x_wconf 86' lang='lat' dir='ltr'>armis</span> <span class='ocrx_word' id='word_1_125' title='bbox 1191 1826 1532 1874; x_wconf 85' lang='lat' dir='ltr'>defenderent.</span> 
     </span>
     <span class='ocr_line' id='line_1_20' title="bbox 220 1909 1534 1974; baseline -0.003 -13"><span class='ocrx_word' id='word_1_126' title='bbox 220 1912 292 1962; x_wconf 86' lang='lat' dir='ltr'>Et</span> <span class='ocrx_word' id='word_1_127' title='bbox 324 1929 440 1960; x_wconf 91' lang='lat' dir='ltr'>cum</span> <span class='ocrx_word' id='word_1_128' title='bbox 477 1912 664 1960; x_wconf 83' lang='lat' dir='ltr'>scirent</span> <span class='ocrx_word' id='word_1_129' title='bbox 705 1911 768 1959; x_wconf 89' lang='lat' dir='ltr'>de</span> <span class='ocrx_word' id='word_1_130' title='bbox 808 1912 991 1959; x_wconf 85' lang='lat' dir='ltr'>damno</span> <span class='ocrx_word' id='word_1_131' title='bbox 1032 1910 1194 1974; x_wconf 82' lang='lat' dir='ltr'>legem</span> <span class='ocrx_word' id='word_1_132' title='bbox 1234 1926 1344 1958; x_wconf 86' lang='lat' dir='ltr'>esse</span> <span class='ocrx_word' id='word_1_133' title='bbox 1369 1909 1534 1973; x_wconf 85' lang='lat' dir='ltr'>Aqui-</span> 
     </span>
     <span class='ocr_line' id='line_1_21' title="bbox 220 1992 1534 2058; baseline -0.002 -15"><span class='ocrx_word' id='word_1_134' title='bbox 220 1996 383 2052; x_wconf 83' lang='lat' dir='ltr'>liam,m</span> <span class='ocrx_word' id='word_1_135' title='bbox 418 2002 583 2043; x_wconf 87' lang='lat' dir='ltr'>tamen</span> <span class='ocrx_word' id='word_1_136' title='bbox 602 1996 699 2043; x_wconf 93' lang='lat' dir='ltr'>hoc</span> <span class='ocrx_word' id='word_1_137' title='bbox 723 1994 794 2042; x_wconf 83' lang='lat' dir='ltr'>ita</span> <span class='ocrx_word' id='word_1_138' title='bbox 818 1993 1132 2052; x_wconf 85' lang='lat' dir='ltr'>existimavit,</span> <span class='ocrx_word' id='word_1_139' title='bbox 1171 2000 1296 2058; x_wconf 86' lang='lat' dir='ltr'>aput</span> <span class='ocrx_word' id='word_1_140' title='bbox 1321 1992 1534 2041; x_wconf 86' lang='lat' dir='ltr'>maiores</span> 
     </span>
     <span class='ocr_line' id='line_1_22' title="bbox 221 2071 1536 2142; baseline -0.003 -15"><span class='ocrx_word' id='word_1_141' title='bbox 221 2084 422 2128; x_wconf 87' lang='lat' dir='ltr'>nostros</span> <span class='ocrx_word' id='word_1_142' title='bbox 448 2071 564 2126; x_wconf 89' lang='lat' dir='ltr'>cum</span> <span class='ocrx_word' id='word_1_143' title='bbox 588 2085 636 2126; x_wconf 91' lang='lat' dir='ltr'>et</span> <span class='ocrx_word' id='word_1_144' title='bbox 658 2096 736 2126; x_wconf 87' lang='lat' dir='ltr'>res</span> <span class='ocrx_word' id='word_1_145' title='bbox 774 2085 824 2126; x_wconf 92' lang='lat' dir='ltr'>et</span> <span class='ocrx_word' id='word_1_146' title='bbox 857 2077 1164 2142; x_wconf 84' lang='lat' dir='ltr'>cupiditates</span> <span class='ocrx_word' id='word_1_147' title='bbox 1199 2077 1418 2125; x_wconf 88' lang='lat' dir='ltr'>minores</span> <span class='ocrx_word' id='word_1_148' title='bbox 1461 2092 1536 2123; x_wconf 89' lang='lat' dir='ltr'>es·</span> 
     </span>
     <span class='ocr_line' id='line_1_23' title="bbox 224 2161 1538 2225; baseline -0.005 -15"><span class='ocrx_word' id='word_1_149' title='bbox 224 2168 351 2219; x_wconf 88' lang='lat' dir='ltr'>sent,</span> <span class='ocrx_word' id='word_1_150' title='bbox 389 2168 437 2209; x_wconf 90' lang='lat' dir='ltr'>et</span> <span class='ocrx_word' id='word_1_151' title='bbox 467 2161 663 2209; x_wconf 81' lang='lat' dir='ltr'>familiae</span> <span class='ocrx_word' id='word_1_152' title='bbox 686 2179 787 2210; x_wconf 88' lang='lat' dir='ltr'>non</span> <span class='ocrx_word' id='word_1_153' title='bbox 821 2179 1013 2225; x_wconf 83' lang='lat' dir='ltr'>magnae</span> <span class='ocrx_word' id='word_1_154' title='bbox 1038 2175 1218 2221; x_wconf 78' lang='lat' dir='ltr'>niagno</span> <span class='ocrx_word' id='word_1_155' title='bbox 1249 2164 1389 2206; x_wconf 88' lang='lat' dir='ltr'>metu</span> <span class='ocrx_word' id='word_1_156' title='bbox 1423 2173 1538 2205; x_wconf 91' lang='lat' dir='ltr'>con-</span> 
     </span>
     <span class='ocr_line' id='line_1_24' title="bbox 219 2240 1538 2309; baseline -0.004 -17"><span class='ocrx_word' id='word_1_157' title='bbox 219 2244 515 2302; x_wconf 83' lang='lat' dir='ltr'>tinerentur,</span> <span class='ocrx_word' id='word_1_158' title='bbox 554 2250 610 2292; x_wconf 88' lang='lat' dir='ltr'>ut</span> <span class='ocrx_word' id='word_1_159' title='bbox 633 2262 836 2309; x_wconf 83' lang='lat' dir='ltr'>perraro</span> <span class='ocrx_word' id='word_1_160' title='bbox 868 2247 1010 2293; x_wconf 89' lang='lat' dir='ltr'>fieret</span> <span class='ocrx_word' id='word_1_161' title='bbox 1034 2250 1091 2291; x_wconf 92' lang='lat' dir='ltr'>ut</span> <span class='ocrx_word' id='word_1_162' title='bbox 1112 2243 1260 2290; x_wconf 91' lang='lat' dir='ltr'>homo</span> <span class='ocrx_word' id='word_1_163' title='bbox 1288 2240 1538 2289; x_wconf 85' lang='lat' dir='ltr'>occidere-</span> 
     </span>
    </p>
   </div>
   <div class='ocr_carea' id='block_1_3' title="bbox 229 2465 1544 2889">
    <p class='ocr_par' dir='ltr' id='par_1_3' title="bbox 230 2465 1539 2563">
     <span class='ocr_line' id='line_1_25' title="bbox 271 2465 1539 2517; baseline -0.006 -11"><span class='ocrx_word' id='word_1_164' title='bbox 271 2469 280 2491; x_wconf 53' lang='grc' dir='ltr'><strong>ἰ</strong></span> <span class='ocrx_word' id='word_1_165' title='bbox 304 2472 376 2506; x_wconf 84' lang='lat' dir='ltr'>Rei</span> <span class='ocrx_word' id='word_1_166' title='bbox 392 2472 592 2506; x_wconf 80' lang='lat' dir='ltr'>taxationem</span> <span class='ocrx_word' id='word_1_167' title='bbox 599 2471 760 2517; x_wconf 80' lang='lat' dir='ltr'>fecimus,</span> <span class='ocrx_word' id='word_1_168' title='bbox 784 2481 912 2515; x_wconf 84' lang='lat' dir='ltr'>nempe</span> <span class='ocrx_word' id='word_1_169' title='bbox 926 2472 1100 2514; x_wconf 89' lang='lat' dir='ltr'>quantum</span> <span class='ocrx_word' id='word_1_170' title='bbox 1113 2468 1234 2502; x_wconf 86' lang='lat' dir='ltr'>damni</span> <span class='ocrx_word' id='word_1_171' title='bbox 1249 2467 1389 2501; x_wconf 91' lang='lat' dir='ltr'>Tullius</span> <span class='ocrx_word' id='word_1_172' title='bbox 1403 2465 1448 2501; x_wconf 88' lang='lat' dir='ltr'>sit</span> <span class='ocrx_word' id='word_1_173' title='bbox 1460 2476 1539 2511; x_wconf 84' lang='lat' dir='ltr'>pas-</span> 
     </span>
     <span class='ocr_line' id='line_1_26' title="bbox 230 2519 588 2563; baseline 0 -12"><span class='ocrx_word' id='word_1_174' title='bbox 230 2529 291 2551; x_wconf 86' lang='lat' dir='ltr'>sus</span> <span class='ocrx_word' id='word_1_175' title='bbox 308 2519 588 2563; x_wconf 75' lang='lat' dir='ltr'>supputavimus.</span> 
     </span>
    </p>

    <p class='ocr_par' dir='ltr' id='par_1_4' title="bbox 233 2558 1539 2656">
     <span class='ocr_line' id='line_1_27' title="bbox 274 2558 1539 2607; baseline -0.006 -8"><span class='ocrx_word' id='word_1_176' title='bbox 274 2563 289 2585; x_wconf 68' lang='lat'>&#39;²</span> <span class='ocrx_word' id='word_1_177' title='bbox 314 2565 467 2607; x_wconf 77' lang='lat' dir='ltr'>Scilicet,</span> <span class='ocrx_word' id='word_1_178' title='bbox 491 2570 533 2598; x_wconf 87' lang='lat' dir='ltr'>ut</span> <span class='ocrx_word' id='word_1_179' title='bbox 544 2576 636 2607; x_wconf 68' lang='lat' dir='ltr'>reus,</span> <span class='ocrx_word' id='word_1_180' title='bbox 662 2565 690 2598; x_wconf 85' lang='lat' dir='ltr'>si</span> <span class='ocrx_word' id='word_1_181' title='bbox 702 2565 900 2602; x_wconf 78' lang='lat' dir='ltr'>damnetur,</span> <span class='ocrx_word' id='word_1_182' title='bbox 925 2564 1037 2596; x_wconf 80' lang='lat' dir='ltr'>solvat</span> <span class='ocrx_word' id='word_1_183' title='bbox 1049 2562 1287 2607; x_wconf 85' lang='lat' dir='ltr'>quadruplum</span> <span class='ocrx_word' id='word_1_184' title='bbox 1304 2559 1425 2594; x_wconf 85' lang='lat' dir='ltr'>damni</span> <span class='ocrx_word' id='word_1_185' title='bbox 1440 2558 1539 2593; x_wconf 84' lang='lat' dir='ltr'>illati.</span> 
     </span>
     <span class='ocr_line' id='line_1_28' title="bbox 233 2608 1378 2656; baseline -0.003 -12"><span class='ocrx_word' id='word_1_186' title='bbox 233 2610 290 2644; x_wconf 88' lang='lat' dir='ltr'>De</span> <span class='ocrx_word' id='word_1_187' title='bbox 303 2612 425 2645; x_wconf 74' lang='lat' dir='ltr'>indicio</span> <span class='ocrx_word' id='word_1_188' title='bbox 441 2612 477 2645; x_wconf 83' lang='lat' dir='ltr'>in</span> <span class='ocrx_word' id='word_1_189' title='bbox 493 2611 714 2656; x_wconf 69' lang='lat' dir='ltr'>quadmplum</span> <span class='ocrx_word' id='word_1_190' title='bbox 726 2612 807 2645; x_wconf 78' lang='lat' dir='ltr'>vido</span> <span class='ocrx_word' id='word_1_191' title='bbox 821 2611 928 2644; x_wconf 77' lang='lat' dir='ltr'>ctiam</span> <span class='ocrx_word' id='word_1_192' title='bbox 947 2610 1025 2643; x_wconf 87' lang='lat' dir='ltr'>Lib.</span> <span class='ocrx_word' id='word_1_193' title='bbox 1041 2621 1089 2642; x_wconf 89' lang='grc' dir='ltr'>ιιι.</span> <span class='ocrx_word' id='word_1_194' title='bbox 1106 2609 1141 2642; x_wconf 89' lang='lat' dir='ltr'>in</span> <span class='ocrx_word' id='word_1_195' title='bbox 1158 2608 1259 2642; x_wconf 85' lang='lat' dir='ltr'>Verr.</span> <span class='ocrx_word' id='word_1_196' title='bbox 1276 2618 1378 2641; x_wconf 64' lang='lat' dir='ltr'>xxm.</span> 
     </span>
    </p>

    <p class='ocr_par' dir='ltr' id='par_1_5' title="bbox 229 2651 1541 2785">
     <span class='ocr_line' id='line_1_29' title="bbox 276 2651 1541 2702; baseline -0.006 -10"><span class='ocrx_word' id='word_1_197' title='bbox 276 2656 283 2678; x_wconf 87' lang='lat'>¹</span> <span class='ocrx_word' id='word_1_198' title='bbox 308 2658 362 2692; x_wconf 85' lang='lat' dir='ltr'>M.</span> <span class='ocrx_word' id='word_1_199' title='bbox 381 2659 553 2691; x_wconf 78' lang='lat' dir='ltr'>Lucullus</span> <span class='ocrx_word' id='word_1_200' title='bbox 568 2658 622 2691; x_wconf 88' lang='lat' dir='ltr'>ius</span> <span class='ocrx_word' id='word_1_201' title='bbox 635 2659 726 2691; x_wconf 84' lang='lat' dir='ltr'>inter</span> <span class='ocrx_word' id='word_1_202' title='bbox 741 2658 943 2702; x_wconf 63' lang='lat' dir='ltr'>peregrinos</span> <span class='ocrx_word' id='word_1_203' title='bbox 958 2660 1089 2699; x_wconf 78' lang='lat' dir='ltr'>praetor</span> <span class='ocrx_word' id='word_1_204' title='bbox 1101 2655 1203 2695; x_wconf 81' lang='lat' dir='ltr'>dixit,</span> <span class='ocrx_word' id='word_1_205' title='bbox 1221 2658 1314 2687; x_wconf 88' lang='lat' dir='ltr'>teste</span> <span class='ocrx_word' id='word_1_206' title='bbox 1326 2651 1481 2687; x_wconf 87' lang='lat' dir='ltr'>Asconio</span> <span class='ocrx_word' id='word_1_207' title='bbox 1495 2651 1541 2685; x_wconf 88' lang='lat' dir='ltr'>ad</span> 
     </span>
     <span class='ocr_line' id='line_1_30' title="bbox 229 2700 1541 2748; baseline -0.004 -12"><span class='ocrx_word' id='word_1_208' title='bbox 229 2703 327 2737; x_wconf 75' lang='lat' dir='ltr'>Orat.</span> <span class='ocrx_word' id='word_1_209' title='bbox 345 2705 525 2738; x_wconf 82' lang='lat' dir='ltr'>Ciceronis</span> <span class='ocrx_word' id='word_1_210' title='bbox 542 2705 579 2738; x_wconf 88' lang='lat' dir='ltr'>in</span> <span class='ocrx_word' id='word_1_211' title='bbox 606 2709 690 2748; x_wconf 84' lang='lat' dir='ltr'>toga</span> <span class='ocrx_word' id='word_1_212' title='bbox 715 2705 877 2738; x_wconf 80' lang='lat' dir='ltr'>candida.</span> <span class='ocrx_word' id='word_1_213' title='bbox 927 2703 1051 2737; x_wconf 82' lang='lat' dir='ltr'>Frater</span> <span class='ocrx_word' id='word_1_214' title='bbox 1076 2702 1181 2736; x_wconf 88' lang='lat' dir='ltr'>Lucii</span> <span class='ocrx_word' id='word_1_215' title='bbox 1202 2702 1232 2735; x_wconf 85' lang='lat' dir='ltr'>is</span> <span class='ocrx_word' id='word_1_216' title='bbox 1257 2700 1335 2743; x_wconf 88' lang='lat' dir='ltr'>fuit,</span> <span class='ocrx_word' id='word_1_217' title='bbox 1359 2702 1400 2733; x_wconf 87' lang='lat' dir='ltr'>ut</span> <span class='ocrx_word' id='word_1_218' title='bbox 1421 2701 1541 2732; x_wconf 85' lang='lat' dir='ltr'>narrat</span> 
     </span>
     <span class='ocr_line' id='line_1_31' title="bbox 232 2750 1123 2785; baseline 0.003 -3"><span class='ocrx_word' id='word_1_219' title='bbox 232 2750 444 2784; x_wconf 83' lang='lat' dir='ltr'>Plutarchus</span> <span class='ocrx_word' id='word_1_220' title='bbox 461 2752 496 2784; x_wconf 92' lang='lat' dir='ltr'>in</span> <span class='ocrx_word' id='word_1_221' title='bbox 514 2751 677 2784; x_wconf 90' lang='lat' dir='ltr'>Lucullo.</span> <span class='ocrx_word' id='word_1_222' title='bbox 1115 2767 1123 2785; x_wconf 64' lang='lat' dir='ltr'>x</span> 
     </span>
    </p>

    <p class='ocr_par' dir='ltr' id='par_1_6' title="bbox 231 2791 1544 2889">
     <span class='ocr_line' id='line_1_32' title="bbox 277 2791 1544 2841; baseline -0.005 -11"><span class='ocrx_word' id='word_1_223' title='bbox 277 2800 300 2816; x_wconf 82' lang='lat'>¹¹¹</span> <span class='ocrx_word' id='word_1_224' title='bbox 325 2797 453 2830; x_wconf 78' lang='lat' dir='ltr'>Latani</span> <span class='ocrx_word' id='word_1_225' title='bbox 468 2797 602 2831; x_wconf 88' lang='lat' dir='ltr'>scilicet</span> <span class='ocrx_word' id='word_1_226' title='bbox 618 2798 663 2831; x_wconf 84' lang='lat' dir='ltr'>ab</span> <span class='ocrx_word' id='word_1_227' title='bbox 678 2798 822 2841; x_wconf 81' lang='lat' dir='ltr'>Aquilio</span> <span class='ocrx_word' id='word_1_228' title='bbox 849 2797 1001 2837; x_wconf 83' lang='lat' dir='ltr'>tribuno,</span> <span class='ocrx_word' id='word_1_229' title='bbox 1027 2796 1124 2829; x_wconf 82' lang='lat' dir='ltr'>cuies</span> <span class='ocrx_word' id='word_1_230' title='bbox 1147 2795 1265 2838; x_wconf 84' lang='lat' dir='ltr'>capita</span> <span class='ocrx_word' id='word_1_231' title='bbox 1289 2793 1423 2837; x_wconf 86' lang='lat' dir='ltr'>aliquot</span> <span class='ocrx_word' id='word_1_232' title='bbox 1437 2791 1544 2825; x_wconf 80' lang='lat' dir='ltr'>refert</span> 
     </span>
     <span class='ocr_line' id='line_1_33' title="bbox 231 2837 1541 2889; baseline -0.004 -11"><span class='ocrx_word' id='word_1_233' title='bbox 231 2840 339 2878; x_wconf 80' lang='lat' dir='ltr'>Caius</span> <span class='ocrx_word' id='word_1_234' title='bbox 356 2843 400 2877; x_wconf 85' lang='lat' dir='ltr'>ad</span> <span class='ocrx_word' id='word_1_235' title='bbox 421 2844 588 2879; x_wconf 89' lang='lat' dir='ltr'>Edictum</span> <span class='ocrx_word' id='word_1_236' title='bbox 602 2845 825 2889; x_wconf 77' lang='lat' dir='ltr'>provinciale.</span> <span class='ocrx_word' id='word_1_237' title='bbox 873 2843 967 2878; x_wconf 67' lang='lat' dir='ltr'>Vide</span> <span class='ocrx_word' id='word_1_238' title='bbox 986 2843 1156 2878; x_wconf 70' lang='lat' dir='ltr'>Pitiscum</span> <span class='ocrx_word' id='word_1_239' title='bbox 1167 2843 1246 2876; x_wconf 41' lang='lat' dir='ltr'>roc,</span> <span class='ocrx_word' id='word_1_240' title='bbox 1294 2840 1367 2875; x_wconf 73' lang='lat' dir='ltr'>Lex</span> <span class='ocrx_word' id='word_1_241' title='bbox 1388 2837 1541 2885; x_wconf 78' lang='lat' dir='ltr'>Aquilia.</span> 
     </span>
    </p>
   </div>
  </div>
 </body>
</html>
