1918 3254
264 739 360 774 Edit.

243 785 287 819 N.
305 790 358 821 78.

434 294 524 346 110
892 292 992 333 PRO
1026 292 1262 334 PLANcm.

428 398 513 462 qui
537 398 606 445 ita
627 395 943 444 inscribitur:
992 394 1333 444 EDICTUM
1369 396 1569 447 LUCII
1606 395 1727 445 RA-

427 479 600 528 CILII
642 478 955 525 TRIBUNI
1008 477 1304 534 PLEBIS,h
1337 482 1470 542 quod
1514 481 1605 528 sub
1644 495 1728 528 no-

423 562 551 610 mine
574 562 727 626 ipsius
749 562 924 610 Cicero
949 561 1205 625 inscripsit
1240 560 1320 608 IN>
1357 560 1727 611 lNVECTIO-

425 643 611 691 NEMi
648 643 724 693 .P.
763 640 1007 693 CLODI.

489 727 616 775 ILLo
672 727 803 776 .S.C.
855 743 991 776 ouon
1042 742 1100 774 1N
1152 741 1496 774 MONUMENTO
1547 725 1724 775 MAR11

426 827 637 859 FACTUM
679 827 788 858 EST.

488 893 547 941 In
567 894 752 957 templo
772 893 966 941 scilicet
985 891 1207 941 Honoris
1226 897 1276 939 et
1299 891 1528 948 Virtutis,
1554 891 1605 939 in
1624 907 1726 955 quo

418 983 589 1023 actum
638 975 853 1039 primum
892 975 1086 1023 videtur
1122 975 1186 1022 de
1227 973 1545 1021 restitutione
1587 973 1727 1022 Cice-

418 1056 587 1107 ronis.¹‘

486 1141 603 1194 Quo
639 1155 846 1189 QUIDEM
879 1156 1048 1188 ETIAM
1077 1154 1241 1187 MAGIS
1269 1154 1387 1195 sum,
1417 1154 1525 1185 NON
1552 1153 1722 1186 DICAM

420 1238 600 1280 MlSER,
641 1235 762 1270 NAM·
807 1238 907 1269 Hoc
956 1236 1163 1270 QUIDEM
1219 1235 1503 1268 AssHoRRET
1539 1236 1571 1267 A
1609 1235 1724 1268 VIR-

418 1321 557 1351 TUTE
595 1319 832 1359 VERBUM,
873 1319 969 1349 SED
1006 1318 1173 1350 CERTE
1210 1317 1526 1350 EXERCITUS.

486 1386 632 1433 Hanc
659 1385 952 1433 sententiam
971 1385 1157 1431 secund
1166 1401 1249 1431 um
1265 1384 1378 1431 illos
1397 1384 1723 1449 philosophos

416 1468 594 1524 intulit,
634 1467 722 1532 qui
753 1467 1156 1514 existimaverunt
1190 1483 1387 1531 semper
1416 1467 1589 1515 beatos
1612 1484 1722 1516 esse

417 1550 680 1614 sapientes,
727 1567 1002 1613 numquam
1055 1548 1290 1598 miseros¹
1345 1550 1717 1599 existimandOS.

463 1877 478 1897 ¹¹
498 1879 593 1912 Nota
611 1879 833 1922 Opusculum
851 1877 1083 1921 deperditum,
1096 1878 1205 1911 immo
1217 1889 1368 1922 prorsuS,
1381 1878 1475 1922 quod
1489 1879 1610 1921 sciam,
1621 1879 1723 1914 inau-

417 1925 531 1958 ditum
549 1925 738 1958 Ciceronis.
770 1925 813 1957 L.
832 1924 990 1958 Racilius
1005 1924 1241 1957 Tribunatum
1258 1924 1334 1957 iniit
1351 1935 1432 1957 cum
1448 1924 1593 1958 Plancio
1610 1926 1721 1970 aliisq.

417 1982 460 2004 eo
477 1982 568 2004 anno
583 1982 652 2014 quo
670 1971 794 2004 Cicero
819 1971 863 2003 ab
889 1971 995 2004 exilio
1018 1974 1204 2004 revocatus
1221 1973 1283 2003 est.
1302 1970 1347 2004 V.
1373 1980 1409 2004 n.
1435 1971 1477 2003 ad
1496 1970 1540 2011 Q.
1561 1972 1718 2007 Fratrem

417 2018 532 2060 Epist.
548 2021 580 2051 6.
595 2021 629 2050 et
646 2018 691 2050 ad
707 2017 830 2051 Famil.
850 2027 872 2050 1.
890 2017 1004 2060 Epist.
1029 2027 1091 2050 vn.
1117 2017 1211 2049 'rum
1241 2017 1422 2050 Ciceronis
1446 2018 1642 2052 Historiam
1657 2029 1720 2064 per

416 2064 543 2097 Franc.
560 2063 763 2096 Fabricium
779 2063 822 2096 ad
838 2073 970 2096 annum
984 2063 1028 2096 U.
1045 2063 1085 2096 C.
1104 2071 1340 2097 DCLxxxxvt.

462 2110 469 2130 ¹
495 2111 632 2153 Nempe
649 2110 775 2143 Cicero
792 2109 957 2153 opposuit
970 2110 1063 2142 hunc
1078 2109 1234 2142 libellum
1252 2110 1450 2144 lnvectioni
1468 2112 1505 2145 P.
1523 2111 1650 2146 Clodii.

462 2155 476 2175 k
502 2157 634 2190 AEdem
650 2156 805 2190 Honoris
818 2159 919 2188 extra
931 2160 1067 2199 portam
1085 2155 1259 2189 Collinam
1278 2162 1447 2190 memorat
1462 2157 1601 2192 Tullius
1619 2167 1656 2192 11.
1673 2157 1719 2191 de

416 2203 505 2246 ch.
522 2214 599 2247 cap.
617 2212 725 2236 xxm.
775 2203 905 2235 AEdem
922 2202 993 2236 sive
1010 2202 1182 2245 templum
1204 2203 1356 2237 Honoris
1375 2207 1480 2247 atque
1501 2204 1649 2237 Virtutis
1666 2213 1716 2238 lv,

416 2249 453 2282 in
470 2250 570 2283 Verr.
586 2260 661 2294 cap.
676 2258 752 2283 mv.
771 2247 891 2282 Livius
908 2247 966 2282 lib.
986 2258 1106 2282 xxvii.
1123 2259 1199 2293 cap.
1217 2260 1301 2282 xxv.
1329 2250 1410 2282 Hoc
1428 2248 1599 2294 templum
1616 2250 1719 2284 Cice-

414 2306 454 2328 ro
471 2297 515 2329 de
533 2297 660 2330 Natur.
720 2295 766 2328 D.
787 2295 846 2328 lib.
865 2304 903 2328 ιι.
921 2306 997 2339 cap.
1026 2304 1134 2328 xxm.
1161 2299 1367 2328 renovatum
1386 2307 1406 2328 a
1423 2296 1596 2330 Marcello
1620 2297 1718 2331 dicit.

415 2343 467 2376 At
482 2343 659 2387 quomodo
674 2344 793 2374 noster
808 2342 986 2384 interpres
1001 2342 1085 2374 dicit
1103 2341 1304 2375 Marianum
1323 2343 1493 2386 templum
1514 2342 1665 2376 Honoris
1681 2347 1718 2377 et

415 2389 588 2422 Virtutis?
612 2388 774 2428 Accedit,
791 2388 887 2432 quod
903 2387 1067 2421 Valerius
1084 2388 1268 2421 Maximus
1286 2398 1307 2421 1.
1324 2399 1389 2432 cap
1408 2399 1472 2422 vn.
1489 2392 1520 2422 5.
1539 2389 1606 2423 ait:
1633 2391 1653 2405 ‘⁴
1671 2389 1717 2423 In

417 2436 439 2452 “
463 2436 541 2469 aede
565 2435 659 2469 Iovis
674 2434 840 2468 Mariana
853 2435 887 2467 S.
905 2434 945 2467 C.
964 2434 1008 2467 de
1024 2434 1137 2467 reditu
1156 2435 1231 2467 eius
1247 2434 1457 2477 (Ciceronis)
1475 2439 1528 2467 est
1552 2436 1717 2469 t'actum.”

416 2482 466 2515 Et
482 2482 606 2515 Cicero
620 2482 694 2526 ipse
712 2481 756 2514 de
772 2481 873 2514 Prov.
891 2480 1023 2513 Consul
1041 2490 1088 2513 ix.
1108 2481 1175 2514 ait:
1202 2480 1246 2520 Q.
1272 2481 1461 2514 Metellum
1490 2482 1664 2524 Nepotem
1679 2482 1716 2515 in

414 2529 547 2571 templo
561 2527 654 2561 Iovis
671 2527 806 2571 Optimi
825 2526 977 2560 Maximi
1004 2526 1084 2570 (nbi
1106 2526 1267 2572 agebatur
1282 2527 1321 2560 de
1335 2527 1514 2560 revocando
1531 2528 1713 2570 Cicerone)

415 2585 536 2607 secum
550 2575 730 2608 absentem
742 2573 886 2606 rediisse
897 2572 1101 2616 ingratiam.
1128 2573 1257 2606 Noster
1269 2573 1411 2616 quidem
1421 2575 1713 2616 interprestantoe

414 2621 620 2654 eruditionis
636 2624 700 2661 est,
716 2623 757 2653 ut
773 2630 843 2652 nou
858 2619 958 2652 facile
972 2619 1094 2652 erroris
1112 2619 1333 2652 damnandus
1344 2620 1398 2652 sit.
1449 2619 1579 2653 Recole
1596 2623 1715 2654 tamen

413 2667 573 2710 superius
585 2677 619 2711 p.
634 2669 709 2701 106.
722 2677 756 2700 n.
765 2670 798 2700 3.
825 2666 874 2699 Et
885 2665 1028 2710 quidem
1038 2665 1148 2710 ipsius
1158 2665 1302 2699 Asconii
1313 2666 1500 2699 nonnullos
1510 2667 1629 2710 lapsus
1637 2665 1717 2700 Viri

414 2718 657 2763 κριτικώτατοι
698 2722 876 2752 notarunt.
933 2718 1026 2752 Vide
1055 2718 1091 2752 in
1119 2718 1288 2751 Editione
1324 2718 1441 2761 Lugd.
1478 2719 1603 2755 Batav.
1632 2721 1715 2754 anni

415 2775 602 2799 MDCLxxv.
622 2777 679 2810 pp.
695 2768 775 2799 209.
791 2768 870 2799 218.
887 2767 966 2798 225.
985 2768 1064 2799 255.
1081 2767 1160 2798 262.
1174 2767 1253 2798 266.

466 2811 471 2832 ¹
493 2812 618 2846 Codex
633 2817 652 2829 ‘⁶
666 2821 862 2855 numquam
876 2821 948 2845 non
965 2812 1108 2846 miseros
1124 2810 1411 2846 existimandos.”

1915 858 1918 894 -..
1914 798 1918 842 ..-
1911 648 1918 779 —.-..,.
1891 0 1918 636 ,fflssdwffl
