1918 3254
331 386 428 427 Edit.

324 439 437 476 N.11‚

346 2779 445 2815 Edit·

332 2826 379 2863 N.
392 2829 448 2863 14‘

503 300 566 344 68
1002 297 1103 332 PRo
1128 293 1307 332 sYLLA‘.

570 400 701 448 Dum·
747 404 1186 446 conR‘ATIONEs
1230 411 1324 444 Ans
1367 412 1450 454 TE,
1498 396 1809 452 ΤοκουᾹΤΕ,

502 496 969 531 CONSTITUUNTUR.

567 563 861 612 Coniuratio
893 563 1075 610 diversi
1099 562 1290 625 generis
1324 562 1530 610 infertur
1563 560 1812 624 geminata

499 647 866 712 propositione:
904 652 953 693 et
987 645 1071 692 fila
1108 644 1199 692 .M.
1236 644 1408 692 Tullio
1444 642 1812 692 consultissima

498 737 550 779 et
573 747 674 779 non
696 729 960 779 incuriosis
995 728 1270 776 lectoribus
1303 725 1596 774 admiranda
1633 725 1812 772 discre-

500 814 601 874 tio3
636 820 695 860 ut
730 813 892 860 solum
928 818 1127 874 tempus
1166 810 1276 873 ipse
1311 809 1550 857 defendat
1585 807 1814 856 coniura-

498 896 647 945 tionis
684 895 805 953 eius,
850 913 964 959 quae
1013 912 1066 942 se
1116 893 1326 941 eonsule
1375 892 1685 956 deprehensa
1733 890 1813 938 sit..

498 977 635 1026 Illud
658 994 775 1025 vero
808 976 1046 1042 superius
1072 974 1344 1023 Hortensio
1379 973 1725 1037 patrocinante
1749 973 1816 1019 fa-

496 1067 658 1109 teatur
701 1059 923 1107 dilucide
963 1064 1266 1121 peroratum.
1361 1055 1441 1103 Ita
1482 1073 1574 1104 nec
1618 1058 1673 1104 fit
1711 1055 1815 1103 ulla

493 1143 689 1190 iactura
709 1140 1027 1197 defensionis,
1049 1141 1189 1202 quod
1209 1140 1338 1187 illud
1359 1138 1592 1202 superius
1617 1145 1813 1201 tempus

498 1225 709 1282 omittat,
730 1223 969 1288 quoniam
989 1221 1214 1269 defendit
1233 1220 1555 1268 Hortensius.
1614 1219 1814 1268 Etcum

488 1309 593 1357 hoc
619 1307 714 1355 sibi
750 1305 1064 1370 potissimum
1094 1303 1230 1350 velut
1263 1302 1492 1366 privatim
1519 1308 1569 1350 et
1601 1302 1817 1366 peculia—

497 1392 614 1439 riter
637 1388 859 1437 vindicet
882 1388 949 1435 ad
982 1386 1292 1443 diluendum,
1315 1385 1471 1449 magis
1502 1385 1815 1433 existimetur

497 1471 785 1521 testimonio
807 1469 896 1518 niti
920 1486 1076 1533 quam
1108 1469 1420 1533 probatione,
1460 1469 1735 1517 defendens
1757 1485 1817 1516 ea

498 1554 692 1604 scilicet
714 1553 897 1616 quibus
920 1553 1026 1617 ipse
1049 1553 1227 1601 consul
1247 1552 1486 1601 interfuit.

566 1637 721 1686 ERGO
742 1652 916 1685 ISTIUS
936 1651 1364 1685 CONIURATIONIS
1383 1651 1594 1684 CRIMEN
1620 1651 1816 1685 DEFEN-

502 1723 605 1767 snm
632 1734 700 1767 ΑΒ
730 1734 794 1766 Eo
821 1735 915 1766 EST
940 1734 1030 1767 QUI
1059 1734 1372 1767 INTERFUIT.

565 1800 686 1850 Non
711 1806 975 1850 contentus
1001 1801 1096 1849 sibi
1132 1801 1217 1848 uni
1247 1801 1502 1849 vindicare
1537 1802 1677 1850 testis
1702 1819 1816 1850 auc-

477 1918 480 1920 —
497 1886 763 1943 toritatem,
783 1885 930 1932 etiam
947 1884 998 1932 in
1011 1884 1099 1933 illo
1115 1884 1443 1950 praecedentis
1462 1885 1815 1933 coniurationis

497 1978 735 2034 tempore,
758 1968 993 2031 quoniam
1019 1985 1073 2015 se
1095 1985 1194 2015 non
1217 1974 1396 2031 potest,
1422 1967 1495 2015 vel
1517 1968 1683 2031 ipsum
1719 1975 1816 2016 tes-

498 2061 599 2101 tem
617 2050 881 2100 constituit
899 2050 1244 2098 Hortensium.
1294 2050 1378 2098 Sic
1399 2057 1572 2099 contra
1586 2051 1816 2099 iniuriam

499 2133 738 2199 temporis
782 2133 1047 2197 utriusque
1085 2150 1186 2181 non
1229 2133 1540 2181 defensiones
1585 2135 1814 2192 duorum,

480 2219 590 2267 -sed
612 2216 894 2266 testimonia
917 2216 1148 2264 viden-tur
1170 2217 1375 2280 opponi.

568 2300 695 2350 NON
733 2315 881 2349 MODO
917 2315 1096 2347 ANIMO
1133 2315 1295 2347 NIHIL
1331 2315 1586 2356 COMPERI,
1611 2317 1707 2349 SED
1743 2318 1814 2350 AD

485 2386 662 2434 ·AURIS
687 2399 825 2433 MEA'S
847 2399 1019 2431 ISTI-Us
1041 2398 1374 2432 SUSPICIONIS
1395 2399 1538 2432 FAMA
1562 2399 1671 2432 NON
1695 2401 1816 2433 PER·

504 2486 689 2518 VENIT.

569 2552 771 2601 Obnixe
810 2553 1039 2616 negando
1077 2552 1142 2599 de
1174 2552 1262 2599 illa
1299 2551 1556 2615 superiore
1592 2551 1817 2599 coniura-

504 2637 638 2684 tione
653 2635 842 2683 nihilse
859 2634 1172 2698 comperisse,
1194 2635 1290 2682 hoc
1316 2635 1620 2698 persuadere
1644 2634 1815 2683 coniti-

506 2725 599 2775 tur,
617 2718 780 2766 omnia
796 2717 891 2765 sibi
910 2718 959 2765 in
975 2717 1242 2766 consulatu
1259 2733 1347 2764 suo
1362 2717 1516 2764 fuisse
1539 2717 1812 2764 manifesta.

575 2800 779 2850 MULTA
805 2816 913 2848 CUM
938 2816 1102 2849 ESSEM
1123 2811 1325 2850 CONSUL
1353 2817 1419 2849 DE
1442 2812 1643 2849 SUMMIS
1672 2815 1818 2847 Rmiu
