1918 3254
160 424 288 478 Pao
331 423 418 479 ‘.A.
462 424 736 480 LICINIO
782 444 1041 481 INCIPIT
1084 426 1468 485 Fmacmm.

617 583 1018 630 ARGUMENTUM

744 722 872 729 —..——-

744 731 873 745 —

155 842 287 922 .A.
343 868 572 916 Licinius
609 867 857 916 Ανινίἰαε8
904 884 957 916 se
1015 867 1195 916 studiis
1252 869 1463 932 poetic-is

153 949 358 1006 dedidit,
395 957 445 998 et
480 951 717 1014 adprime,
749 957 806 998 ut
829 951 1110 1009 videbatur,
1154 952 1391 1000 excelluit
1413 952 1462 999 in

149 1031 246 1079 hoc
281 1049 460 1095 genere
495 1032 789 1082 litterarum.
875 1033 1117 1081 Amicitia
1140 1033 1288 1096 igitur
1311 1035 1460 1083 etiam

146 1113 262 1162 viris
299 1114 594 1163 inlustribus
627 1114 934 1162 familiariter
967 1116 1237 1178 copulatus
1275 1123 1365 1173 est,
1409 1123 1462 1163 ut

147 1195 253 1259 ipse
275 1197 586 1246 .M.Tullius
618 1198 667 1245 in
698 1197 955 1246 Orationis
992 1197 1142 1246 huius
1174 1199 1460 1247 narrationi·

147 1279 435 1343 corfirmatP
514 1281 721 1344 Interim
752 1283 872 1329 satis
904 1282 1051 1347 longo
1074 1283 1330 1330 intervallo
1356 1300 1461 1330 ceamv

145 1371 263 1411 esset
297 1380 401 1411 cum
438 1363 522 1411 .L.
559 1363 772 1412 Lucullo
810 1367 862 1412 in
902 1364 1154 1412 Siciliam⁰
1189 1365 1456 1429 profectae,

143 1452 190 1493 et
212 1462 317 1494 cum
351 1463 410 1494 ex
440 1463 495 1494 ea
520 1449 779 1510 provincia
806 1464 910 1495 cum
945 1450 1104 1495 eodem
1131 1447 1216 1495 .L.
1244 1448 1457 1497 Lucullo

140 1530 500 1595 regrederetur,
540 1529 839 1590 Heracleam
862 1530 1010 1587 venit,
1050 1547 1164 1593 quae
1199 1537 1316 1580 tunc
1352 1541 1457 1579 erat

140 1612 314 1660 civitas
337 1613 589 1669 foederata,
629 1618 679 1659 et
713 1612 997 1660 adscribtus
1033 1618 1112 1659 est
1145 1612 1195 1659 in
1231 1614 1452 1662 ordinem

141 1693 535 1755 Heracliensium
571 1693 708 1742 civis.
777 1694 925 1742 Tunc
953 1694 1186 1743 Silvanus
1212 1703 1260 1744 et
1286 1696 1453 1744 Carbo

141 1775 257 1825 Cos.
292 1777 453 1840 legem
489 1775 726 1832 tulerunt,
766 1784 824 1824 ut
862 1795 1034 1826 omnes
1071 1778 1158 1841 qui
1195 1786 1363 1827 essent
1390 1797 1453 1827 ex

137 1859 388 1907 foederatis
425 1859 629 1923 populis
675 1858 920 1908 civitatem
975 1877 1230 1909 romanam
1283 1878 1452 1910 conse—

139 1949 433 2008 querentur:
485 1942 700 1996 simodo
735 1942 822 1990 illo
857 1949 1083 2007 tempore
1117 1960 1216 2007 quo
1242 1944 1324 1991 lex
1349 1945 1451 1992 lata

136 2032 280 2082 esset,
326 2024 635 2073 domicilium
670 2024 720 2080 in
756 2024 904 2073 Italia
938 2025 1197 2088 haberent,
1236 2034 1287 2087 et
1320 2027 1448 2077 intra

134 2110 268 2158 diem
304 2105 739 2172 sexagensimumd
786 2108 998 2171 professi
1035 2115 1156 2172 aput
1181 2117 1443 2172 praetorem

133 2193 355 2255 fuissent.
440 2191 566 2261 Quae
607 2207 723 2251 cum
765 2189 956 2238 Licinio
1003 2190 1205 2238 Archiae
1249 2192 1312 2239 ad
1360 2194 1444 2240 ob-

174 2403 190 2419 a
215 2399 376 2444 Spatium
393 2409 547 2431 vacuum
562 2397 599 2430 in
615 2396 759 2434 Codice,
781 2395 875 2437 quod
893 2395 1021 2437 replevi
1038 2394 1241 2428 nominibus
1258 2396 1391 2430 Poetae.

177 2446 190 2466 ὓ
237 2446 330 2487 Quae
355 2448 552 2488 sequuntur
575 2444 611 2476 in
637 2443 769 2475 Codice
794 2442 843 2473 ita
870 2446 951 2473 sunt
974 2442 1185 2480 oblitterata,
1217 2446 1255 2474 ut
1282 2443 1349 2484 legi
1379 2454 1440 2476 ne-

127 2496 259 2537 queant
277 2503 388 2536 usque
406 2492 450 2524 ad
468 2490 612 2529 debetur,
637 2489 732 2533 quod
750 2499 813 2520 nos
830 2487 978 2522 fecimus
1001 2488 1145 2526 deretur,
1170 2491 1210 2520 ut
1231 2489 1302 2521 ficri
1321 2494 1439 2531 posset

128 2539 381 2584 regrederetur.
430 2536 686 2581 Reparavimus
711 2538 831 2568 autem
855 2534 1020 2567 lacunam
1043 2534 1157 2567 verbis
1183 2534 1293 2578 ipsius
1310 2535 1437 2569 Narra-

125 2585 231 2618 tionis
245 2585 422 2618 Tullianae
439 2594 505 2626 cap
523 2593 571 2616 1v.
622 2582 748 2624 Neque
766 2581 916 2613 multum
934 2580 1116 2613 amisimus
1128 2581 1164 2613 in
1178 2580 1246 2614 loci
1260 2581 1437 2615 oblittera-

126 2632 232 2671 tione,
256 2642 337 2675 quae
364 2641 434 2663 non
458 2631 537 2673 plus
563 2629 665 2674 spatii
689 2629 725 2660 in
751 2627 884 2660 Codice
909 2630 1074 2670 occupat,
1099 2637 1207 2671 quain
1231 2638 1296 2661 nos
1322 2629 1435 2664 verbis

124 2677 298 2711 'l‘ullianis
315 2677 544 2721 explevimus.

173 2727 186 2742 ⁰
211 2724 286 2757 Aut
301 2723 467 2764 Ciliciam,
484 2726 524 2756 ut
540 2722 599 2755 alii
616 2721 763 2754 malunt.

173 2768 186 2790 ‘¹
213 2769 270 2804 Ita
287 2769 322 2803 in
339 2770 427 2804 Cod.
450 2769 724 2816 sexangesimum,
754 2766 1034 2813 [sexagensimum
1046 2763 1075 2813 ‚7j
