1918 3254
448 280 513 323 24
892 280 945 313 ΙΝ
989 279 1040 313 .Ρ.
1081 278 1322 314 cronium

447 377 603 434 lutus,
624 376 814 424 idcirco
833 375 903 422 ait
926 373 1160 422 absoluto
1180 373 1293 421 lites
1316 373 1585 421 aestimatas
1601 380 1639 422 :²
1661 373 1759 421 hoc

449 466 526 507 est
549 475 699 522 poena
723 458 926 521 quidem
958 457 1238 513 liberatum,
1272 456 1361 503 sed
1393 456 1610 521 pecunia
1643 472 1760 519 quo-

449 542 721 589 dammodo
740 541 1023 597 multatum,
1045 555 1199 603 quam
1219 537 1480 587 Iudicibus
1504 555 1595 604 pro
1617 540 1761 587 abso-

449 623 635 672 lutione
659 630 985 671 numerasset.

516 707 688 761 QUASI
721 721 824 753 Eoo
849 721 958 753 NON
994 719 1306 752 CONTENTUS
1343 719 1435 751 slM
1462 719 1600 752 QUOD
1629 719 1758 752 MIHI

451 804 691 837 QUINQUE
719 804 783 835 ET
810 804 901 836 xx.
963 787 1181 835 IUDICES
1207 800 1605 833 CREDIDERUNT.
1655 786 1760 840 Qm

453 887 778 920 SEQUESTRES
846 886 942 918 Asss
1010 885 1075 917 TE
1142 883 1478 916 LOCUPLETES
1544 883 1764 916 ACCEPE-

449 969 583 1001 RINT
611 991 621 1001 .
649 990 658 1001 .
687 991 697 1001 .
722 961 771 1001 et
795 952 1019 1000 relicum.

517 1037 767 1085 Notemus
785 1036 1052 1083 verborum
1077 1036 1372 1084 medietates
1396 1034 1763 1099 elegantissime

451 1121 515 1168 ab
541 1120 759 1168 Oratore
783 1118 1063 1183 suspendi.'³
1152 1119 1286 1166 Nam
1310 1135 1423 1166 cum
1451 1119 1764 1182 praeseferret

453 1203 669 1252 Clodius
708 1203 971 1251 victoriam
1004 1202 1178 1250 iudicii
1208 1203 1347 1265 quod
1386 1201 1627 1248 liberatus
1659 1217 1766 1247 sen-

451 1287 620 1334 tentiis
654 1287 887 1351 pluribus
914 1286 1180 1341 videretur,
1219 1284 1289 1332 ait
1311 1283 1515 1331 Tullius
1550 1283 1614 1331 ad
1652 1299 1765 1331 con-

451 1369 754 1415 firmandum
799 1367 1067 1415 testimonii
1109 1367 1189 1414 sui
1233 1366 1537 1430 religionem,
1580 1382 1671 1414 xx.
1716 1373 1767 1414 et

453 1450 680 1513 quinque
705 1449 799 1497 sibi
823 1449 1026 1497 Iudices
1059 1449 1350 1506 credidisse,
1382 1449 1496 1498 illos
1531 1449 1766 1498 videlicet

454 1532 542 1597 qui
583 1549 697 1580 eum
735 1533 1105 1581 damnaverant.
1177 1531 1278 1580 Sed
1315 1532 1463 1580 etiam
1502 1532 1631 1589 illos,
1674 1531 1763 1596 qui

452 1631 545 1679 pro
570 1631 654 1663 reo
691 1615 986 1663 sententiam
1021 1615 1252 1671 dixerint,
1288 1614 1385 1678 ipsi
1423 1614 1606 1663 Clodio
1639 1615 1764 1663 nihil

454 1697 744 1753 credidisse,
757 1697 964 1760 quando
980 1697 1042 1744 ab
1060 1695 1249 1744 Senatu
1261 1696 1500 1744 auxilium
1514 1696 1762 1760 petierint,

454 1786 505 1828 et
528 1785 651 1844 aput
679 1786 966 1843 sequestres
989 1778 1200 1826 idoneos
1223 1778 1363 1826 illam
1398 1779 1581 1843 deponi
1615 1796 1766 1844 pecu-

453 1862 587 1909 niam
610 1861 872 1918 voluerint,
899 1879 961 1909 ne
982 1862 1339 1908 frustrarentur
1367 1878 1427 1908 ea
1456 1878 1558 1925 spe,
1593 1878 1762 1924 quam,

454 1961 540 1993 reo
575 1944 877 2008 paciscente,
915 1950 1340 2008 praesun1serant0.
1414 1942 1483 1994 Et
1517 1944 1606 1991 has
1646 1960 1765 2008 ergo

455 2027 742 2083 sententias,
779 2043 892 2089 quae
916 2027 1214 2074 videbantur
1239 2026 1420 2076 Clodio
1457 2027 1649 2090 aliquid
1682 2027 1767 2076 ho-

454 2108 665 2156 nestatis
691 2109 972 2172 adquirere,
996 2109 1048 2155 in
1067 2108 1482 2172 vituperationem
1504 2111 1763 2168 convertit,

455 2198 513 2237 ut
536 2207 652 2254 pars
678 2190 915 2238 Iudicum
940 2191 1191 2240 damnarit
1213 2192 1478 2250 incestum,
1510 2209 1625 2256 pars
1647 2209 1764 2242 vero

454 2273 704 2337 privatum
748 2274 948 2321 lucrum
991 2275 1324 2340 praeposuerit
1366 2275 1609 2338 religioni.
1696 2275 1766 2324 Et

455 2355 538 2403 hic
558 2357 748 2414 subest,
774 2356 1063 2421 postulasse
1086 2357 1288 2407 Iudices
1312 2360 1376 2407 ab
1401 2365 1578 2406 senatu
1599 2359 1767 2423 praesi-

460 2593 517 2669 γ·
543 2589 600 2623 De
622 2590 954 2671 ἓὲἒᾶεεῑίωαῇοηε
980 2592 1074 2635 vide,
1102 2592 1131 2626 si
1146 2592 1257 2635 lubet,
1281 2591 1478 2626 Asconium
1502 2592 1548 2627 ad
1571 2577 1656 2628 Act.
1680 2603 1704 2628 1.
1727 2593 1768 2627 in

489 2647 555 2669 err.
572 2647 605 2680 p.
677 2657 683 2662 ·
733 2662 742 2671 .

503 2680 517 2701 ¹³
543 2682 675 2716 Recole
691 2684 842 2718 similem
858 2685 1075 2719 locutionem
1091 2685 1251 2730 superius
1268 2696 1300 2729 p.
1319 2688 1373 2720 16.

503 2732 519 2748 ‘
543 2728 737 2763 Confirmat
750 2730 817 2763 hoc
829 2730 969 2764 Tullius
982 2742 1005 2765 1.
1020 2732 1065 2765 ad
1078 2732 1188 2766 Attio.
1200 2732 1314 2776 Epist.
1327 2741 1404 2766 Χνι.
1414 2731 1472 2766 ubi
1481 2731 1548 2766 ait:
1566 2733 1586 2750 “
1598 2732 1765 2768 Clodium

456 2774 493 2807 in
511 2774 671 2809 tn'bubus
687 2776 914 2821 pronuntiare
930 2788 1095 2813 nummos
1111 2778 1253 2813 solitum
1270 2789 1357 2823 esse,
1373 2782 1410 2814 et
1422 2789 1494 2813 non
1510 2779 1627 2813 dare.’'
