1918 3254
387 277 479 322 122
849 277 905 313 IN
936 277 1213 314 vATleM.

447 376 782 426 Notissimum
821 376 1080 436 habemus,
1130 378 1425 443 auspicante
1466 378 1691 429 Romulo

378 460 467 524 qui
490 459 743 508 Palatium
770 466 988 523 ceperat,
1009 466 1058 508 et
1068 459 1232 509 Remo
1259 461 1346 524 qui
1366 461 1689 518 Aventinum,

380 543 673 608 priusquam
696 542 861 591 Roma
880 545 1183 592 conderetur
1205 541 1429 606 auspicia
1445 560 1556 592 esse
1576 560 1695 608 cap-

379 634 462 674 ta:
499 625 824 690 primumque
858 644 948 675 sex
979 626 1208 675 vultures
1248 625 1466 673 Remum
1490 625 1692 674 vidisse.

381 707 516 756 Dein
541 714 718 772 postea
743 709 1022 758 Romulum
1047 708 1367 758 duodecem.b
1430 709 1607 772 Atque
1625 708 1697 756 ita

379 796 429 838 et
453 789 670 839 Romam
691 792 948 841 conditam
971 800 1021 841 et
1053 793 1191 857 ipsos
1216 809 1357 855 reges
1380 791 1664 856 appellatos
1684 807 1696 839 z

379 879 428 921 et
450 873 594 921 illum
617 875 758 938 quod
781 875 920 939 prior
939 876 1224 940 auspicium
1249 875 1481 938 cepisset,
1508 874 1698 923 Romu-

379 956 486 1004 lum
505 974 621 1006 vero
643 959 781 1021 quod
801 958 981 1007 maius.

446 1040 634 1089 ΕΤΙΑΜ
661 1057 831 1090 INTER
858 1042 1116 1090 SYLLANA
1143 1056 1292 1089 ARMA
1320 1055 1622 1089 leERUN'r.

447 1123 610 1187 Leges
655 1125 780 1173 dicit
822 1125 1013 1173 AEliam
1053 1131 1103 1173 et
1145 1124 1358 1180 Fufiam,
1415 1130 1563 1186 quae⁰
1597 1139 1698 1170 non

382 1207 612 1255 sinebant
633 1207 774 1272 prius
812 1208 981 1271 aliqua
1013 1208 1076 1255 de
1109 1224 1163 1254 re
1197 1207 1263 1254 ad
1294 1206 1544 1269 populum
1567 1206 1696 1262 ferri,

383 1307 536 1354 quam
560 1291 763 1339 comitia
784 1291 1088 1337 haberentur
1124 1290 1189 1336 ad
1221 1288 1563 1351 designandos
1597 1306 1700 1336 ma-

381 1373 636 1436 gistratus,
697 1374 843 1436 Saepe
867 1374 1043 1420 harum
1069 1371 1162 1419 feci
1188 1370 1526 1420 mentionem.‘³
1579 1371 1701 1419 Vix-

382 1455 481 1504 isse
506 1462 671 1504 autem
696 1456 833 1519 leges
859 1455 1005 1513 dixit,
1045 1455 1186 1519 quod
1205 1453 1366 1502 multo
1386 1454 1701 1503 tolerabilius

383 1538 701 1602 estquamsi
740 1575 1348 1588 .............
1388 1576 1697 1597 ,..,...

387 1659 595 1669 .....
632 1639 693 1669 ne
715 1622 922 1670 modum
961 1659 972 1669 .
1012 1659 1021 1669 .
1061 1660 1071 1670 .
1110 1659 1122 1672 .
1160 1628 1237 1670 est
1257 1629 1498 1670 mortuas.
1570 1621 1698 1670 Cum

382 1703 437 1751 id
474 1703 668 1752 dictum
705 1705 768 1751 ab
807 1704 1079 1753 Hortensio
1115 1705 1373 1763 elevasset,
1411 1722 1503 1770 pro
1526 1705 1698 1770 inepto

384 1786 603 1834 inrisisse
627 1786 830 1834 Tullius
853 1787 1132 1836 videbatur.

452 1869 655 1918 FUERIS
682 1887 753 1918 NE
779 1887 957 1919 TANTA
980 1887 1373 1929 CRUDELITATE‚
1412 1888 1480 1919 UT
1506 1888 1701 1921 DELEC-

385 1967 479 2000 'ros
516 1968 673 2000 VIROS
708 1968 997 2001 PRINCIPES
1032 1971 1308 2003 CIVITATIS
1347 1972 1557 2004 DELERE
1594 1972 1700 2005 TUA

387 2051 699 2084 ROGATIONE
726 2037 1042 2084 CONARERE?

455 2119 538 2167 De
572 2119 667 2167 hoc
705 2126 928 2183 tempore
966 2119 1120 2168 locuti
1162 2138 1336 2169 sumus
1376 2121 1428 2169 in
1460 2122 1702 2171 Oratione

390 2219 504 2266 quae
547 2203 677 2250 hanc
725 2202 995 2266 praeceditg
1047 2203 1124 2252 .L.
1176 2203 1401 2252 Vettium
1452 2205 1703 2268 perditum

390 2286 638 2335 hominem
672 2286 911 2334 instinctu
933 2285 1104 2334 Vatini
1128 2288 1408 2351 professum
1436 2305 1544 2336 esse
1578 2294 1705 2351 aput

439 2488 453 2508 ¹³
478 2489 537 2523 Ita
561 2490 650 2523 cod.
675 2490 859 2523 duodecem.
878 2490 971 2523 Rom
996 2493 1115 2523 autem
1138 2493 1283 2524 narrant
1301 2490 1409 2524 ctiam
1427 2490 1550 2523 Livius
1572 2490 1652 2524 Lib.
1682 2499 1705 2525 Ι.

394 2536 482 2579 Cap.
499 2546 565 2570 vu.
583 2539 619 2569 et
634 2537 772 2570 Auctor
789 2537 913 2570 Libelli
928 2539 967 2570 de
981 2537 1128 2582 Origine
1145 2536 1266 2570 Gentis
1281 2548 1429 2570 romauoe
1447 2537 1534 2581 Cap.
1546 2546 1655 2570 xxm.

440 2587 453 2602 ⁶
471 2583 559 2616 Cod·
576 2583 724 2628 Legibus
736 2583 834 2617 AElia
846 2590 878 2617 et
895 2583 1002 2617 Fusia
1018 2583 1086 2628 qui,
1104 2586 1172 2616 etc.

441 2629 455 2649 '1
474 2629 614 2662 Revera
637 2630 826 2671 Asconius,
852 2641 958 2673 quem
984 2640 1050 2662 nos
1073 2633 1241 2673 putamus
1261 2631 1441 2662 auctorem
1467 2628 1572 2661 huius
1598 2639 1705 2672 quom

395 2676 534 2709 edimus
550 2676 816 2716 Commentarii‚
830 2676 993 2709 meminit
1008 2675 1133 2709 harum
1149 2677 1268 2719 legum
1285 2676 1331 2709 ad
1348 2676 1447 2708 Orat.
1465 2675 1500 2708 in
1517 2675 1655 2709 Verrem
1667 2676 1708 2709 de

392 2728 491 2767 prat.
506 2722 578 2756 urb.
595 2733 629 2766 p.
645 2725 701 2757 99.
718 2722 801 2756 etin
816 2722 937 2756 Pison.
954 2734 988 2766 p.
1004 2725 1079 2756 160.

443 2774 458 2795 b*
476 2769 614 2812 Nempe
630 2769 679 2802 ait
699 2769 875 2812 Interpres
890 2780 927 2802 se
944 2770 1102 2802 locutum
1119 2767 1164 2801 de
1186 2768 1253 2801 hoc
1274 2771 1434 2812 temporo
1457 2768 1493 2800 in
1517 2767 1709 2800 commen-

396 2815 485 2849 tario
503 2826 609 2860 quem
635 2815 824 2859 scripserat
851 2816 1058 2849 Orationem
1082 2827 1146 2861 pro
1167 2814 1292 2857 Sextio,
1325 2826 1406 2860 quae
1436 2814 1561 2848 Oratio
1585 2815 1707 2848 ordine
1752 2813 1758 2825 '
