1918 3254
473 264 542 310 92
948 265 1049 299 PRo
1075 264 1311 301 PLANcm.

464 363 604 413 ium:
641 364 705 412 de
720 362 905 427 quibus
929 370 1033 412 tam
1059 380 1113 412 se
1136 381 1290 428 quam
1310 363 1554 431 Pompeio
1578 364 1651 414 sic
1674 366 1784 415 vult

457 446 635 510 accipi
659 445 861 494 Tullius
886 446 1230 511 suspicionem,
1256 453 1311 496 ut
1332 447 1438 512 ipse
1459 448 1666 513 quidem
1689 465 1782 513 pro

471 528 679 578 Plancio
702 529 911 578 valuerit
937 531 1285 579 miserabiliter
1308 537 1358 579 et
1380 532 1597 581 demisse
1620 538 1786 596 peten-

467 612 569 673 do;
621 611 897 677 Pompeius
957 631 1057 663 non
1110 614 1227 662 item
1272 631 1364 678 pro
1409 614 1528 664 Tito
1575 615 1783 680 Ampio,

466 694 643 759 utique
677 712 768 759 pro
804 696 1112 745 sublimitate
1136 696 1350 746 nominis
1386 703 1435 745 et
1463 698 1701 761 potentiae
1722 713 1785 746 su

467 778 675 843 perbius
701 779 797 828 hoc
820 780 917 828 sibi
940 788 1064 845 aput
1086 781 1333 846 populum
1356 780 1653 829 vindicans.g

537 860 791 911 ROGATlo
818 879 931 911 Hffic
959 880 1170 912 SEMPER
1194 881 1288 912 EST
1313 878 1748 915 GRATIOSISSIMA.

534 944 786 999 Quoniam
804 946 1082 1012 ambiguum
1095 946 1112 970 ¹¹
1137 949 1342 998 verbum
1361 955 1450 1005 est,
1472 955 1521 996 et
1534 947 1789 997 interdum

465 1032 635 1090 potest
658 1028 981 1091 rogationem,
1022 1029 1075 1076 id
1111 1036 1186 1078 est
1221 1031 1371 1095 legem
1401 1032 1612 1078 nondam
1625 1031 1789 1093 perla-

458 1109 585 1157 tami
615 1110 916 1173 significare,
954 1110 1148 1159 idcirco
1182 1111 1265 1159 hic
1290 1112 1668 1161 admonendum
1689 1112 1790 1159 lec-

467 1198 630 1241 torem
670 1193 861 1258 putavi,
889 1192 1007 1259 pet-¹³
1043 1193 1351 1257 rogationem
1391 1211 1423 1240 a
1461 1193 1632 1242 Tullio
1673 1209 1791 1242 cum

457 1275 685 1323 maxime
703 1275 993 1340 petitionem
1010 1275 1295 1338 significari,
1317 1292 1432 1340 quae
1454 1276 1591 1323 facta
1614 1274 1685 1327 sit.
1694 1292 1787 1341 pro

472 1357 778 1407 Candidato.

295 1451 405 1534 &3123
535 1441 627 1492 AN
646 1441 1134 1491 MINTURNENsmM
1159 1441 1390 1499 Conom,
1411 1458 1553 1492 ouon
1577 1441 1652 1491 .C.
1673 1440 1792 1491 MA-

334 1524 343 1536 '
404 1524 413 1534 '
471 1539 610 1573 RIUM
637 1540 667 1572 E
692 1540 869 1573 crvlLI
902 1522 1094 1573 FERRO¹
1118 1539 1293 1575 ATQUE
1319 1541 1389 1574 Ex
1416 1541 1596 1574 IMPIIS
1629 1540 1791 1575 MANJ-

471 1623 568 1656 13118
594 1624 960 1659 ERIPUERUNT.

537 1690 646 1743 Iam
687 1697 946 1742 narratum
977 1709 1007 1739 a
1044 1708 1124 1739 me
1163 1691 1261 1740 hoc
1297 1691 1589 1756 exemplum
1609 1690 1794 1755 ,plenis-

470 1774 595 1824 sime
637 1774 743 1822 scio
780 1776 838 1822 cle
879 1774 955 1823 .C.
992 1774 1205 1832 Mario,tn
1247 1775 1337 1838 qui
1376 1774 1598 1838 Syllanis
1640 1773 1791 1822 armis

470 1858 655 1908 cedens
681 1874 798 1906 cum
831 1856 932 1904 filio
966 1857 1017 1904 in
1052 1856 1480 1906 Minturnensium
1508 1856 1791 1921 ,paludibus

469 1940 634 1990 latuit.
705 1940 832 1988 Inde
861 1940 1090 1996 emissus,
1132 1940 1367 2003 quoniam
1402 1956 1501 1989 non
1539 1930 1793 2004 ‘potuisset

463 2023 651 2081 occidi,
686 2023 881 2086 navigio
912 2023 1160 2086 inpositus
1191 2023 1244 2071 in
1273 2021 1501 2071 Africam
1527 2030 1790 2086 pervectus

468 2106 535 2153 ad
571 2122 732 2169 usque
753 2106 931 2155 dirutae
956 2106 1255 2168 Kartaginis
1274 2107 1412 2154 fineS.
1482 2105 1610 2154 Inde
1634 2105 1783 2158 armis

515 2254 532 2276 8
554 2249 614 2283 De
627 2249 799 2294 Pompeio
816 2249 982 2283 trudente
996 2249 1238 2283 candidatum
1254 2247 1479 2282 comitiorum
1491 2250 1661 2293 tempore,
1678 2247 1792 2284 omni·

469 2296 538 2330 bus
553 2296 684 2334 invitis,
699 2296 781 2330 vide
798 2296 907 2329 etiam
924 2305 948 2330 1.
966 2296 1012 2329 ad
1025 2295 1124 2329 Attio
1141 2295 1255 2339 Epist.
1272 2304 1352 2328 xvi.

516 2341 532 2362 ¹²
558 2343 720 2386 Spatium
737 2343 773 2375 in
790 2342 925 2376 Codice
941 2342 1029 2376 forte
1044 2342 1262 2386 explendum
1277 2341 1385 2374 verbo
1400 2339 1607 2387 ambiguum.

514 2387 525 2409 i
549 2389 712 2432 Spatium
738 2388 774 2421 in
791 2388 926 2423 Codice
945 2389 1041 2433 quod
1065 2389 1208 2433 explevi
1232 2398 1277 2421 ex
1302 2387 1517 2422 coniectura.
1566 2387 1617 2421 Et
1644 2386 1790 2431 quidem

469 2437 567 2469 totus
585 2436 682 2469 locus
697 2435 885 2470 videbatur
896 2435 1123 2479 corrigendus
1139 2436 1190 2469 sic
1204 2448 1211 2466 :
1236 2437 1258 2452 “
1275 2436 1312 2468 et
1326 2433 1787 2479 interdumpotest—rogatio

470 2481 579 2528 legem
588 2482 733 2515 noudum
743 2481 914 2527 perlatam
926 2483 1132 2526 significare.

517 2527 535 2549 k
558 2528 729 2573 Supplevi
741 2540 813 2573 per.

516 2573 526 2595 ¹
550 2575 663 2610 Ferro
679 2575 787 2607 habet
803 2575 928 2609 Codex
943 2576 1081 2618 melius,
1097 2586 1204 2620 quam
1222 2574 1316 2608 Edd.
1326 2585 1451 2616 errore,
1467 2576 1529 2607 aut
1544 2573 1695 2608 Ursinus
1710 2585 1787 2608 crn-

469 2634 539 2662 vre,
555 2632 637 2666 quae
655 2621 786 2654 menda
801 2626 894 2655 sunt.

517 2672 541 2688 ¹¹¹
566 2669 673 2702 Forte
686 2668 865 2702 Asconius
880 2671 1081 2702 narraverat
1096 2667 1164 2702 hoc
1181 2667 1227 2701 de
1242 2668 1284 2701 C.
1301 2666 1420 2701 Mario
1436 2667 1483 2700 ad
1496 2667 1594 2700 Orat.
1607 2667 1645 2700 in
1661 2666 1788 2701 Pison-

470 2726 524 2749 em
542 2725 619 2758 cap.
637 2724 715 2748 xix.
734 2714 794 2758 qm·
816 2715 914 2748 locus
935 2720 990 2749 est
1013 2715 1135 2749 similis
1156 2715 1242 2748 huic
1259 2715 1338 2748 loco
1355 2713 1535 2747 Orationis
1544 2725 1612 2759 pro
1627 2712 1786 2747 Plancio.

471 2761 545 2795 Sed
556 2762 723 2805 quoniam
740 2762 1025 2795 Commentarius
1041 2762 1187 2796 Asconii
1200 2761 1246 2794 ad
1261 2761 1360 2794 Orat.
1372 2759 1410 2793 in
1421 2760 1544 2802 Pisavi,
1561 2761 1616 2794 est
1626 2760 1786 2802 11111ῒί1115,

497 2808 548 2841 eri
572 2810 701 2850 potest,
724 2812 766 2840 ut
781 2808 924 2852 perierit
940 2820 982 2842 ea
998 2808 1150 2842 narratio
1176 2807 1334 2851 exempli
1350 2807 1394 2840 de
1412 2806 1452 2840 C.
1468 2807 1599 2849 Mario,
1613 2807 1662 2842 ad
1677 2816 1785 2852 quam

471 2854 593 2889 noster
607 2853 798 2900 Luterpres,
814 2865 921 2899 quem
936 2858 1105 2901 putamus
1119 2854 1328 2899 Awonium,
1344 2864 1439 2890 nunc
1454 2856 1647 2901 provocat„
