<?xml version="1.0" encoding="UTF-8"?>
<!DOCTYPE html PUBLIC "-//W3C//DTD XHTML 1.0 Transitional//EN"
    "http://www.w3.org/TR/xhtml1/DTD/xhtml1-transitional.dtd">
<html xmlns="http://www.w3.org/1999/xhtml" xml:lang="en" lang="en">
 <head>
  <title>
</title>
<meta http-equiv="Content-Type" content="text/html;charset=utf-8" />
  <meta name='ocr-system' content='tesseract 3.04.00' />
  <meta name='ocr-capabilities' content='ocr_page ocr_carea ocr_par ocr_line ocrx_word'/>
</head>
<body>
  <div class='ocr_page' id='page_1' title='image "./sexorationumfrag00ciceuoft_0088.png"; bbox 0 0 1971 3263; ppageno 0'>
   <div class='ocr_carea' id='block_1_1' title="bbox 203 2510 411 2591">
    <p class='ocr_par' dir='ltr' id='par_1_1' title="bbox 203 2510 411 2591">
     <span class='ocr_line' id='line_1_1' title="bbox 235 2510 411 2544; baseline -0.006 0"><span class='ocrx_word' id='word_1_1' title='bbox 235 2510 411 2544; x_wconf 78' lang='lat' dir='ltr'>Asconius</span> 
     </span>
     <span class='ocr_line' id='line_1_2' title="bbox 203 2557 384 2591; baseline -0.006 -1"><span class='ocrx_word' id='word_1_2' title='bbox 203 2557 384 2591; x_wconf 85' lang='lat' dir='ltr'>Ciceronis</span> 
     </span>
    </p>
   </div>
   <div class='ocr_carea' id='block_1_2' title="bbox 430 284 1277 333">
    <p class='ocr_par' dir='ltr' id='par_1_2' title="bbox 430 284 1277 333">
     <span class='ocr_line' id='line_1_3' title="bbox 430 284 1277 333; baseline -0.005 0"><span class='ocrx_word' id='word_1_3' title='bbox 430 284 579 333; x_wconf 83' lang='lat' dir='ltr'>xxviii</span> <span class='ocrx_word' id='word_1_4' title='bbox 874 295 1081 328; x_wconf 82' lang='lat' dir='ltr'><strong>PRAEVIA</strong></span> <span class='ocrx_word' id='word_1_5' title='bbox 1118 295 1277 329; x_wconf 68' lang='lat' dir='ltr'>opem</span> 
     </span>
    </p>
   </div>
   <div class='ocr_carea' id='block_1_3' title="bbox 421 403 1747 2457">
    <p class='ocr_par' dir='ltr' id='par_1_3' title="bbox 421 403 1747 2457">
     <span class='ocr_line' id='line_1_4' title="bbox 425 403 1737 474; baseline -0.005 -16"><span class='ocrx_word' id='word_1_6' title='bbox 425 410 647 474; x_wconf 87' lang='lat' dir='ltr'>inquam,</span> <span class='ocrx_word' id='word_1_7' title='bbox 673 408 840 454; x_wconf 86' lang='lat' dir='ltr'>locum</span> <span class='ocrx_word' id='word_1_8' title='bbox 856 404 1061 467; x_wconf 86' lang='lat' dir='ltr'>quidam</span> <span class='ocrx_word' id='word_1_9' title='bbox 1077 403 1288 451; x_wconf 85' lang='lat' dir='ltr'><strong>Veteres</strong></span> <span class='ocrx_word' id='word_1_10' title='bbox 1304 420 1396 469; x_wconf 89' lang='lat' dir='ltr'>pro</span> <span class='ocrx_word' id='word_1_11' title='bbox 1411 407 1515 470; x_wconf 67' lang='grc' dir='ltr'>γυνὴ</span> <span class='ocrx_word' id='word_1_12' title='bbox 1537 407 1737 453; x_wconf 74' lang='grc' dir='ltr'>Καικίνου</span> 
     </span>
     <span class='ocr_line' id='line_1_5' title="bbox 427 503 1735 568; baseline -0.005 -11"><span class='ocrx_word' id='word_1_13' title='bbox 427 512 586 557; x_wconf 81' lang='grc' dir='ltr'>Παίτου</span> <span class='ocrx_word' id='word_1_14' title='bbox 609 523 734 553; x_wconf 66' lang='lat' dir='ltr'>uoeor</span> <span class='ocrx_word' id='word_1_15' title='bbox 754 503 959 552; x_wconf 74' lang='lat' dir='ltr'>Caecinoe</span> <span class='ocrx_word' id='word_1_16' title='bbox 980 503 1133 558; x_wconf 60' lang='lat' dir='ltr'>Paeti,</span> <span class='ocrx_word' id='word_1_17' title='bbox 1153 503 1384 566; x_wconf 82' lang='lat' dir='ltr'>legerunt</span> <span class='ocrx_word' id='word_1_18' title='bbox 1405 506 1510 568; x_wconf 66' lang='grc' dir='ltr'>γυνὴ</span> <span class='ocrx_word' id='word_1_19' title='bbox 1535 507 1735 552; x_wconf 78' lang='grc' dir='ltr'>Καικίνου</span> 
     </span>
     <span class='ocr_line' id='line_1_6' title="bbox 424 600 1736 654; baseline -0.004 0"><span class='ocrx_word' id='word_1_20' title='bbox 424 608 584 654; x_wconf 70' lang='grc' dir='ltr'>ὑπάτου</span> <span class='ocrx_word' id='word_1_21' title='bbox 601 621 727 652; x_wconf 68' lang='lat' dir='ltr'>‘emtor</span> <span class='ocrx_word' id='word_1_22' title='bbox 753 602 958 652; x_wconf 77' lang='lat' dir='ltr'>Coecz&#39;nce</span> <span class='ocrx_word' id='word_1_23' title='bbox 978 602 1197 649; x_wconf 72' lang='lat' dir='ltr'>consulis,</span> <span class='ocrx_word' id='word_1_24' title='bbox 1269 600 1372 648; x_wconf 83' lang='lat' dir='ltr'>Sed</span> <span class='ocrx_word' id='word_1_25' title='bbox 1390 618 1503 649; x_wconf 89' lang='lat' dir='ltr'>eum</span> <span class='ocrx_word' id='word_1_26' title='bbox 1523 618 1736 651; x_wconf 85' lang='lat' dir='ltr'>errorem</span> 
     </span>
     <span class='ocr_line' id='line_1_7' title="bbox 425 699 1738 766; baseline -0.002 -14"><span class='ocrx_word' id='word_1_27' title='bbox 425 704 733 753; x_wconf 86' lang='lat' dir='ltr'>sustulerunt</span> <span class='ocrx_word' id='word_1_28' title='bbox 747 702 1043 766; x_wconf 85' lang='lat' dir='ltr'>iampridem</span> <span class='ocrx_word' id='word_1_29' title='bbox 1059 699 1333 748; x_wconf 86' lang='lat' dir='ltr'>doctissimi</span> <span class='ocrx_word' id='word_1_30' title='bbox 1351 699 1456 757; x_wconf 85' lang='lat' dir='ltr'>viri,</span> <span class='ocrx_word' id='word_1_31' title='bbox 1477 717 1605 763; x_wconf 90' lang='lat' dir='ltr'>quos</span> <span class='ocrx_word' id='word_1_32' title='bbox 1622 702 1738 749; x_wconf 85' lang='lat' dir='ltr'>vide</span> 
     </span>
     <span class='ocr_line' id='line_1_8' title="bbox 424 799 1740 864; baseline -0.004 -11"><span class='ocrx_word' id='word_1_33' title='bbox 424 805 491 852; x_wconf 91' lang='lat' dir='ltr'>ad</span> <span class='ocrx_word' id='word_1_34' title='bbox 515 822 628 852; x_wconf 90' lang='lat' dir='ltr'>eum</span> <span class='ocrx_word' id='word_1_35' title='bbox 648 805 812 852; x_wconf 89' lang='lat' dir='ltr'>locum</span> <span class='ocrx_word' id='word_1_36' title='bbox 840 802 1036 851; x_wconf 90' lang='lat' dir='ltr'>Dionis.</span> <span class='ocrx_word' id='word_1_37' title='bbox 1109 800 1180 849; x_wconf 87' lang='lat' dir='ltr'>Et</span> <span class='ocrx_word' id='word_1_38' title='bbox 1204 799 1409 864; x_wconf 89' lang='lat' dir='ltr'>quidem</span> <span class='ocrx_word' id='word_1_39' title='bbox 1429 800 1633 848; x_wconf 87' lang='lat' dir='ltr'>Arriam</span> <span class='ocrx_word' id='word_1_40' title='bbox 1650 816 1740 848; x_wconf 84' lang='lat' dir='ltr'>ux-</span> 
     </span>
     <span class='ocr_line' id='line_1_9' title="bbox 422 898 1738 963; baseline -0.007 -10"><span class='ocrx_word' id='word_1_41' title='bbox 422 922 557 953; x_wconf 85' lang='lat' dir='ltr'>orem</span> <span class='ocrx_word' id='word_1_42' title='bbox 586 904 714 952; x_wconf 84' lang='lat' dir='ltr'>Paeti</span> <span class='ocrx_word' id='word_1_43' title='bbox 747 904 931 951; x_wconf 87' lang='lat' dir='ltr'><strong>diserte</strong></span> <span class='ocrx_word' id='word_1_44' title='bbox 964 903 1142 950; x_wconf 88' lang='lat' dir='ltr'>dicunt</span> <span class='ocrx_word' id='word_1_45' title='bbox 1174 899 1426 949; x_wconf 78' lang='lat' dir='ltr'>Martialis</span> <span class='ocrx_word' id='word_1_46' title='bbox 1452 898 1626 963; x_wconf 83' lang='lat' dir='ltr'>Epigr.</span> <span class='ocrx_word' id='word_1_47' title='bbox 1662 904 1738 947; x_wconf 88' lang='grc'>14.</span> 
     </span>
     <span class='ocr_line' id='line_1_10' title="bbox 425 999 1741 1067; baseline -0.006 -14"><span class='ocrx_word' id='word_1_48' title='bbox 425 1004 538 1053; x_wconf 90' lang='lat' dir='ltr'>Lib.</span> <span class='ocrx_word' id='word_1_49' title='bbox 567 1021 602 1052; x_wconf 92' lang='lat'>1.</span> <span class='ocrx_word' id='word_1_50' title='bbox 624 1004 820 1052; x_wconf 85' lang='lat' dir='ltr'>Plinius</span> <span class='ocrx_word' id='word_1_51' title='bbox 843 1003 1006 1067; x_wconf 82' lang='lat' dir='ltr'>Epist.</span> <span class='ocrx_word' id='word_1_52' title='bbox 1034 1018 1147 1049; x_wconf 84' lang='lat' dir='ltr'><strong>XVI.</strong></span> <span class='ocrx_word' id='word_1_53' title='bbox 1176 1000 1289 1048; x_wconf 90' lang='lat' dir='ltr'>Lib.</span> <span class='ocrx_word' id='word_1_54' title='bbox 1313 1015 1396 1046; x_wconf 91' lang='lat'>111.</span> <span class='ocrx_word' id='word_1_55' title='bbox 1436 999 1555 1047; x_wconf 86' lang='lat' dir='ltr'>Fuit</span> <span class='ocrx_word' id='word_1_56' title='bbox 1572 1003 1741 1046; x_wconf 86' lang='lat' dir='ltr'>autem</span> 
     </span>
     <span class='ocr_line' id='line_1_11' title="bbox 423 1097 1743 1168; baseline -0.006 -16"><span class='ocrx_word' id='word_1_57' title='bbox 423 1104 597 1152; x_wconf 78' lang='lat' dir='ltr'>Paetus</span> <span class='ocrx_word' id='word_1_58' title='bbox 621 1105 668 1151; x_wconf 88' lang='lat' dir='ltr'>iu</span> <span class='ocrx_word' id='word_1_59' title='bbox 692 1104 916 1168; x_wconf 85' lang='lat' dir='ltr'>partibus</span> <span class='ocrx_word' id='word_1_60' title='bbox 938 1100 1263 1158; x_wconf 86' lang='lat' dir='ltr'>Scriboniani,</span> <span class='ocrx_word' id='word_1_61' title='bbox 1285 1099 1372 1164; x_wconf 91' lang='lat' dir='ltr'>qui</span> <span class='ocrx_word' id='word_1_62' title='bbox 1398 1115 1535 1146; x_wconf 88' lang='lat' dir='ltr'>arma</span> <span class='ocrx_word' id='word_1_63' title='bbox 1556 1098 1607 1145; x_wconf 92' lang='lat' dir='ltr'>in</span> <span class='ocrx_word' id='word_1_64' title='bbox 1626 1097 1743 1160; x_wconf 89' lang='lat' dir='ltr'>Illy-</span> 
     </span>
     <span class='ocr_line' id='line_1_12' title="bbox 422 1196 1742 1258; baseline -0.007 -6"><span class='ocrx_word' id='word_1_65' title='bbox 422 1204 529 1252; x_wconf 90' lang='lat' dir='ltr'>rico</span> <span class='ocrx_word' id='word_1_66' title='bbox 555 1211 728 1252; x_wconf 86' lang='lat' dir='ltr'>contra</span> <span class='ocrx_word' id='word_1_67' title='bbox 756 1203 1027 1252; x_wconf 86' lang='lat' dir='ltr'>Claudium</span> <span class='ocrx_word' id='word_1_68' title='bbox 1059 1201 1227 1258; x_wconf 88' lang='lat' dir='ltr'>movit,</span> <span class='ocrx_word' id='word_1_69' title='bbox 1266 1206 1324 1247; x_wconf 90' lang='lat' dir='ltr'>ut</span> <span class='ocrx_word' id='word_1_70' title='bbox 1350 1204 1518 1246; x_wconf 85' lang='lat' dir='ltr'>narrat</span> <span class='ocrx_word' id='word_1_71' title='bbox 1546 1196 1742 1244; x_wconf 89' lang='lat' dir='ltr'>Plinius</span> 
     </span>
     <span class='ocr_line' id='line_1_13' title="bbox 421 1299 1744 1364; baseline -0.003 -15"><span class='ocrx_word' id='word_1_72' title='bbox 421 1302 535 1350; x_wconf 89' lang='lat' dir='ltr'>loco</span> <span class='ocrx_word' id='word_1_73' title='bbox 560 1302 724 1357; x_wconf 86' lang='lat' dir='ltr'>citat0‚</span> <span class='ocrx_word' id='word_1_74' title='bbox 750 1309 800 1349; x_wconf 91' lang='lat' dir='ltr'>et</span> <span class='ocrx_word' id='word_1_75' title='bbox 823 1302 920 1349; x_wconf 89' lang='lat' dir='ltr'>hoc</span> <span class='ocrx_word' id='word_1_76' title='bbox 946 1302 1054 1364; x_wconf 92' lang='lat' dir='ltr'>ipso</span> <span class='ocrx_word' id='word_1_77' title='bbox 1079 1317 1210 1348; x_wconf 86' lang='lat' dir='ltr'>auno</span> <span class='ocrx_word' id='word_1_78' title='bbox 1234 1299 1300 1346; x_wconf 93' lang='lat' dir='ltr'>U.</span> <span class='ocrx_word' id='word_1_79' title='bbox 1327 1299 1385 1347; x_wconf 85' lang='lat' dir='ltr'>C.</span> <span class='ocrx_word' id='word_1_80' title='bbox 1408 1313 1632 1346; x_wconf 84' lang='lat' dir='ltr'>Dccxcv.</span> <span class='ocrx_word' id='word_1_81' title='bbox 1657 1314 1744 1361; x_wconf 89' lang='lat' dir='ltr'>pe-</span> 
     </span>
     <span class='ocr_line' id='line_1_14' title="bbox 421 1397 1742 1462; baseline -0.003 -14"><span class='ocrx_word' id='word_1_82' title='bbox 421 1401 514 1458; x_wconf 84' lang='lat' dir='ltr'>riit,</span> <span class='ocrx_word' id='word_1_83' title='bbox 553 1408 608 1448; x_wconf 91' lang='lat' dir='ltr'>ut</span> <span class='ocrx_word' id='word_1_84' title='bbox 644 1400 819 1448; x_wconf 83' lang='lat' dir='ltr'>scribit</span> <span class='ocrx_word' id='word_1_85' title='bbox 856 1399 975 1447; x_wconf 85' lang='lat' dir='ltr'>Dio.</span> <span class='ocrx_word' id='word_1_86' title='bbox 1013 1399 1172 1461; x_wconf 82' lang='lat' dir='ltr'>Igitur</span> <span class='ocrx_word' id='word_1_87' title='bbox 1210 1398 1408 1460; x_wconf 81' lang='lat' dir='ltr'>Largus</span> <span class='ocrx_word' id='word_1_88' title='bbox 1436 1397 1636 1446; x_wconf 84' lang='lat' dir='ltr'>Caecina</span> <span class='ocrx_word' id='word_1_89' title='bbox 1655 1397 1742 1462; x_wconf 88' lang='lat' dir='ltr'>qui</span> 
     </span>
     <span class='ocr_line' id='line_1_15' title="bbox 426 1497 1747 1561; baseline -0.002 -14"><span class='ocrx_word' id='word_1_90' title='bbox 426 1500 613 1548; x_wconf 88' lang='lat' dir='ltr'>Consul</span> <span class='ocrx_word' id='word_1_91' title='bbox 640 1500 734 1547; x_wconf 89' lang='lat' dir='ltr'>fuit</span> <span class='ocrx_word' id='word_1_92' title='bbox 759 1515 869 1546; x_wconf 88' lang='lat' dir='ltr'>cum</span> <span class='ocrx_word' id='word_1_93' title='bbox 900 1498 1116 1546; x_wconf 89' lang='lat' dir='ltr'>Claudio</span> <span class='ocrx_word' id='word_1_94' title='bbox 1149 1498 1348 1545; x_wconf 87' lang='lat' dir='ltr'>vivebat</span> <span class='ocrx_word' id='word_1_95' title='bbox 1379 1504 1494 1561; x_wconf 88' lang='lat' dir='ltr'>post</span> <span class='ocrx_word' id='word_1_96' title='bbox 1518 1497 1747 1544; x_wconf 88' lang='lat' dir='ltr'>consula-</span> 
     </span>
     <span class='ocr_line' id='line_1_16' title="bbox 421 1596 1744 1655; baseline -0.002 -9"><span class='ocrx_word' id='word_1_97' title='bbox 421 1605 542 1655; x_wconf 85' lang='lat' dir='ltr'>tum,</span> <span class='ocrx_word' id='word_1_98' title='bbox 582 1598 830 1646; x_wconf 83' lang='lat' dir='ltr'>scribente</span> <span class='ocrx_word' id='word_1_99' title='bbox 870 1596 1110 1645; x_wconf 88' lang='lat' dir='ltr'>Asconio.</span> <span class='ocrx_word' id='word_1_100' title='bbox 1181 1597 1255 1644; x_wconf 91' lang='lat' dir='ltr'>At</span> <span class='ocrx_word' id='word_1_101' title='bbox 1294 1597 1424 1644; x_wconf 87' lang='lat' dir='ltr'>enim</span> <span class='ocrx_word' id='word_1_102' title='bbox 1467 1596 1744 1645; x_wconf 86' lang='lat' dir='ltr'>consularis</span> 
     </span>
     <span class='ocr_line' id='line_1_17' title="bbox 421 1695 1744 1760; baseline -0.002 -14"><span class='ocrx_word' id='word_1_103' title='bbox 421 1705 746 1760; x_wconf 84' lang='lat' dir='ltr'>nuncupatur</span> <span class='ocrx_word' id='word_1_104' title='bbox 798 1697 936 1760; x_wconf 81' lang='lat' dir='ltr'>apud</span> <span class='ocrx_word' id='word_1_105' title='bbox 984 1695 1201 1743; x_wconf 89' lang='lat' dir='ltr'>Plinium</span> <span class='ocrx_word' id='word_1_106' title='bbox 1258 1695 1421 1760; x_wconf 89' lang='lat' dir='ltr'>Epist.</span> <span class='ocrx_word' id='word_1_107' title='bbox 1465 1696 1547 1743; x_wconf 89' lang='lat' dir='ltr'>cit.</span> <span class='ocrx_word' id='word_1_108' title='bbox 1596 1696 1744 1744; x_wconf 87' lang='lat' dir='ltr'>etiam</span> 
     </span>
     <span class='ocr_line' id='line_1_18' title="bbox 423 1794 1745 1859; baseline 0 -15"><span class='ocrx_word' id='word_1_109' title='bbox 423 1795 624 1844; x_wconf 81' lang='lat' dir='ltr'>Paetus:</span> <span class='ocrx_word' id='word_1_110' title='bbox 677 1796 848 1842; x_wconf 83' lang='lat' dir='ltr'>fateor.</span> <span class='ocrx_word' id='word_1_111' title='bbox 888 1794 991 1842; x_wconf 88' lang='lat' dir='ltr'>Sed</span> <span class='ocrx_word' id='word_1_112' title='bbox 1024 1810 1188 1857; x_wconf 90' lang='lat' dir='ltr'>neque</span> <span class='ocrx_word' id='word_1_113' title='bbox 1220 1794 1364 1843; x_wconf 92' lang='lat' dir='ltr'>huius</span> <span class='ocrx_word' id='word_1_114' title='bbox 1397 1795 1504 1859; x_wconf 88' lang='lat' dir='ltr'>(qui</span> <span class='ocrx_word' id='word_1_115' title='bbox 1536 1796 1745 1858; x_wconf 89' lang='lat' dir='ltr'>quidem</span> 
     </span>
     <span class='ocr_line' id='line_1_19' title="bbox 423 1893 1747 1955; baseline 0.001 -13"><span class='ocrx_word' id='word_1_116' title='bbox 423 1896 518 1942; x_wconf 91' lang='lat' dir='ltr'>sub</span> <span class='ocrx_word' id='word_1_117' title='bbox 567 1894 786 1942; x_wconf 89' lang='lat' dir='ltr'>Claudio</span> <span class='ocrx_word' id='word_1_118' title='bbox 834 1893 1032 1955; x_wconf 83' lang='lat' dir='ltr'>obierit)</span> <span class='ocrx_word' id='word_1_119' title='bbox 1087 1894 1383 1942; x_wconf 86' lang='lat' dir='ltr'>consulatus</span> <span class='ocrx_word' id='word_1_120' title='bbox 1437 1896 1659 1943; x_wconf 90' lang='lat' dir='ltr'>occurrit</span> <span class='ocrx_word' id='word_1_121' title='bbox 1696 1895 1747 1944; x_wconf 87' lang='lat' dir='ltr'>in</span> 
     </span>
     <span class='ocr_line' id='line_1_20' title="bbox 423 1993 1746 2057; baseline 0 -14"><span class='ocrx_word' id='word_1_122' title='bbox 423 1994 580 2051; x_wconf 51' lang='lat' dir='ltr'>fastis</span> <span class='ocrx_word' id='word_1_123' title='bbox 615 2011 778 2057; x_wconf 89' lang='lat' dir='ltr'>neque</span> <span class='ocrx_word' id='word_1_124' title='bbox 815 1994 869 2041; x_wconf 93' lang='lat' dir='ltr'>id</span> <span class='ocrx_word' id='word_1_125' title='bbox 908 2009 1018 2040; x_wconf 89' lang='lat' dir='ltr'>mea</span> <span class='ocrx_word' id='word_1_126' title='bbox 1052 1993 1325 2057; x_wconf 86' lang='lat' dir='ltr'>quicquam</span> <span class='ocrx_word' id='word_1_127' title='bbox 1358 1994 1521 2051; x_wconf 89' lang='lat' dir='ltr'>refert,</span> <span class='ocrx_word' id='word_1_128' title='bbox 1560 1995 1643 2042; x_wconf 89' lang='lat' dir='ltr'>cui</span> <span class='ocrx_word' id='word_1_129' title='bbox 1679 1996 1746 2044; x_wconf 86' lang='lat' dir='ltr'>ad</span> 
     </span>
     <span class='ocr_line' id='line_1_21' title="bbox 425 2093 1747 2157; baseline 0 -15"><span class='ocrx_word' id='word_1_130' title='bbox 425 2102 620 2142; x_wconf 82' lang='lat' dir='ltr'>aetatem</span> <span class='ocrx_word' id='word_1_131' title='bbox 655 2093 867 2141; x_wconf 90' lang='lat' dir='ltr'>Asconii</span> <span class='ocrx_word' id='word_1_132' title='bbox 903 2110 967 2141; x_wconf 87' lang='lat' dir='ltr'>ex</span> <span class='ocrx_word' id='word_1_133' title='bbox 1004 2093 1229 2141; x_wconf 89' lang='lat' dir='ltr'>Asconio</span> <span class='ocrx_word' id='word_1_134' title='bbox 1264 2094 1376 2157; x_wconf 89' lang='lat' dir='ltr'>ipso</span> <span class='ocrx_word' id='word_1_135' title='bbox 1409 2093 1747 2142; x_wconf 87' lang='lat' dir='ltr'>definiendam</span> 
     </span>
     <span class='ocr_line' id='line_1_22' title="bbox 426 2193 1747 2242; baseline -0.001 0"><span class='ocrx_word' id='word_1_136' title='bbox 426 2194 545 2242; x_wconf 87' lang='lat' dir='ltr'>satis</span> <span class='ocrx_word' id='word_1_137' title='bbox 564 2202 641 2241; x_wconf 91' lang='lat' dir='ltr'>est</span> <span class='ocrx_word' id='word_1_138' title='bbox 659 2200 708 2241; x_wconf 93' lang='lat' dir='ltr'>et</span> <span class='ocrx_word' id='word_1_139' title='bbox 730 2193 982 2242; x_wconf 82' lang='lat' dir='ltr'>Caecinan]</span> <span class='ocrx_word' id='word_1_140' title='bbox 1001 2195 1157 2242; x_wconf 90' lang='lat' dir='ltr'>fuisse</span> <span class='ocrx_word' id='word_1_141' title='bbox 1175 2194 1434 2242; x_wconf 87' lang='lat' dir='ltr'>consulem</span> <span class='ocrx_word' id='word_1_142' title='bbox 1461 2211 1577 2242; x_wconf 87' lang='lat' dir='ltr'>cum</span> <span class='ocrx_word' id='word_1_143' title='bbox 1597 2193 1747 2242; x_wconf 89' lang='lat' dir='ltr'>Clau·</span> 
     </span>
     <span class='ocr_line' id='line_1_23' title="bbox 426 2293 1745 2357; baseline 0.001 -17"><span class='ocrx_word' id='word_1_144' title='bbox 426 2293 523 2350; x_wconf 87' lang='lat' dir='ltr'>dio,</span> <span class='ocrx_word' id='word_1_145' title='bbox 571 2311 734 2357; x_wconf 88' lang='lat' dir='ltr'>neque</span> <span class='ocrx_word' id='word_1_146' title='bbox 770 2294 985 2342; x_wconf 88' lang='lat' dir='ltr'>eumden</span> <span class='ocrx_word' id='word_1_147' title='bbox 1019 2294 1069 2341; x_wconf 93' lang='lat' dir='ltr'>in</span> <span class='ocrx_word' id='word_1_148' title='bbox 1106 2295 1367 2343; x_wconf 86' lang='lat' dir='ltr'>consulatu</span> <span class='ocrx_word' id='word_1_149' title='bbox 1414 2295 1745 2351; x_wconf 80' lang='lat' dir='ltr'>interfectum,</span> 
     </span>
     <span class='ocr_line' id='line_1_24' title="bbox 429 2393 1570 2457; baseline 0.002 -18"><span class='ocrx_word' id='word_1_150' title='bbox 429 2393 519 2440; x_wconf 88' lang='lat' dir='ltr'>sed</span> <span class='ocrx_word' id='word_1_151' title='bbox 545 2393 865 2457; x_wconf 85' lang='lat' dir='ltr'>superstitem</span> <span class='ocrx_word' id='word_1_152' title='bbox 889 2395 1011 2441; x_wconf 89' lang='lat' dir='ltr'>dum</span> <span class='ocrx_word' id='word_1_153' title='bbox 1037 2394 1296 2443; x_wconf 88' lang='lat' dir='ltr'>Asconius</span> <span class='ocrx_word' id='word_1_154' title='bbox 1317 2394 1570 2442; x_wconf 87' lang='lat' dir='ltr'>scriberet.</span> 
     </span>
    </p>
   </div>
   <div class='ocr_carea' id='block_1_4' title="bbox 498 2491 1750 2557">
    <p class='ocr_par' dir='ltr' id='par_1_4' title="bbox 498 2491 1750 2557">
     <span class='ocr_line' id='line_1_25' title="bbox 498 2491 1750 2557; baseline 0 -17"><span class='ocrx_word' id='word_1_155' title='bbox 498 2492 734 2556; x_wconf 87' lang='lat' dir='ltr'>Sequitur</span> <span class='ocrx_word' id='word_1_156' title='bbox 764 2494 1092 2557; x_wconf 66' lang='lat' dir='ltr'>quaerendum</span> <span class='ocrx_word' id='word_1_157' title='bbox 1120 2511 1242 2541; x_wconf 87' lang='lat' dir='ltr'>num</span> <span class='ocrx_word' id='word_1_158' title='bbox 1266 2492 1522 2542; x_wconf 90' lang='lat' dir='ltr'>Asconius</span> <span class='ocrx_word' id='word_1_159' title='bbox 1555 2491 1750 2541; x_wconf 90' lang='lat' dir='ltr'>Cicero-</span> 
     </span>
    </p>
   </div>
   <div class='ocr_carea' id='block_1_5' title="bbox 201 2591 1749 2658">
    <p class='ocr_par' dir='ltr' id='par_1_5' title="bbox 201 2591 1749 2658">
     <span class='ocr_line' id='line_1_26' title="bbox 201 2591 1749 2658; baseline 0.003 -22"><span class='ocrx_word' id='word_1_160' title='bbox 201 2604 382 2647; x_wconf 75' lang='lat' dir='ltr'>Interpres</span> <span class='ocrx_word' id='word_1_161' title='bbox 430 2592 504 2638; x_wconf 88' lang='lat' dir='ltr'>nis</span> <span class='ocrx_word' id='word_1_162' title='bbox 541 2592 794 2658; x_wconf 86' lang='lat' dir='ltr'>Interpres</span> <span class='ocrx_word' id='word_1_163' title='bbox 829 2594 963 2642; x_wconf 89' lang='lat' dir='ltr'>idem</span> <span class='ocrx_word' id='word_1_164' title='bbox 1000 2593 1078 2650; x_wconf 90' lang='lat' dir='ltr'>sit,</span> <span class='ocrx_word' id='word_1_165' title='bbox 1116 2611 1147 2641; x_wconf 89' lang='lat' dir='ltr'>a</span> <span class='ocrx_word' id='word_1_166' title='bbox 1169 2609 1268 2656; x_wconf 86' lang='lat' dir='ltr'>quo</span> <span class='ocrx_word' id='word_1_167' title='bbox 1305 2591 1650 2655; x_wconf 84' lang='lat' dir='ltr'>Philargyrius</span> <span class='ocrx_word' id='word_1_168' title='bbox 1683 2592 1749 2640; x_wconf 86' lang='lat' dir='ltr'>ad</span> 
     </span>
    </p>
   </div>
   <div class='ocr_carea' id='block_1_6' title="bbox 199 2650 392 2824">
    <p class='ocr_par' dir='ltr' id='par_1_6' title="bbox 199 2650 392 2824">
     <span class='ocr_line' id='line_1_27' title="bbox 205 2650 392 2694; baseline 0 -11"><span class='ocrx_word' id='word_1_169' title='bbox 205 2650 392 2694; x_wconf 68' lang='lat' dir='ltr'>Virgilium</span> 
     </span>
     <span class='ocr_line' id='line_1_28' title="bbox 202 2697 351 2740; baseline 0 -11"><span class='ocrx_word' id='word_1_170' title='bbox 202 2697 351 2740; x_wconf 79' lang='lat' dir='ltr'>loquen-</span> 
     </span>
     <span class='ocr_line' id='line_1_29' title="bbox 201 2743 392 2794; baseline 0.016 -19"><span class='ocrx_word' id='word_1_171' title='bbox 201 2746 275 2794; x_wconf 75' lang='lat' dir='ltr'>tem</span> <span class='ocrx_word' id='word_1_172' title='bbox 293 2743 392 2778; x_wconf 83' lang='lat' dir='ltr'>audi-</span> 
     </span>
     <span class='ocr_line' id='line_1_30' title="bbox 199 2793 262 2824; baseline 0.016 -1"><span class='ocrx_word' id='word_1_173' title='bbox 199 2793 262 2824; x_wconf 67' lang='lat' dir='ltr'>vlt.</span> 
     </span>
    </p>
   </div>
   <div class='ocr_carea' id='block_1_7' title="bbox 431 2690 1749 2758">
    <p class='ocr_par' dir='ltr' id='par_1_7' title="bbox 431 2690 1749 2758">
     <span class='ocr_line' id='line_1_31' title="bbox 431 2690 1749 2758; baseline 0.002 -21"><span class='ocrx_word' id='word_1_174' title='bbox 431 2690 627 2754; x_wconf 82' lang='lat' dir='ltr'>Virgilii</span> <span class='ocrx_word' id='word_1_175' title='bbox 665 2692 912 2758; x_wconf 84' lang='lat' dir='ltr'>Eclogam</span> <span class='ocrx_word' id='word_1_176' title='bbox 945 2709 1033 2741; x_wconf 85' lang='lat'>111.</span> <span class='ocrx_word' id='word_1_177' title='bbox 1062 2709 1109 2740; x_wconf 76' lang='lat' dir='ltr'>v.</span> <span class='ocrx_word' id='word_1_178' title='bbox 1138 2698 1244 2741; x_wconf 84' lang='lat'>105.</span> <span class='ocrx_word' id='word_1_179' title='bbox 1271 2692 1341 2740; x_wconf 83' lang='lat' dir='ltr'>ait</span> <span class='ocrx_word' id='word_1_180' title='bbox 1372 2691 1602 2739; x_wconf 86' lang='lat' dir='ltr'>auditum</span> <span class='ocrx_word' id='word_1_181' title='bbox 1637 2691 1749 2739; x_wconf 89' lang='lat' dir='ltr'>Vir-</span> 
     </span>
    </p>
   </div>
   <div class='ocr_carea' id='block_1_8' title="bbox 429 2790 1748 2859">
    <p class='ocr_par' dir='ltr' id='par_1_8' title="bbox 429 2790 1748 2859">
     <span class='ocr_line' id='line_1_32' title="bbox 429 2790 1748 2859; baseline 0.003 -21"><span class='ocrx_word' id='word_1_182' title='bbox 429 2790 600 2853; x_wconf 85' lang='lat' dir='ltr'>gilium</span> <span class='ocrx_word' id='word_1_183' title='bbox 621 2791 928 2856; x_wconf 87' lang='lat' dir='ltr'>loquentem.</span> <span class='ocrx_word' id='word_1_184' title='bbox 984 2794 1224 2859; x_wconf 81' lang='lat' dir='ltr'>Virgilius</span> <span class='ocrx_word' id='word_1_185' title='bbox 1247 2794 1451 2859; x_wconf 88' lang='lat' dir='ltr'>quidem</span> <span class='ocrx_word' id='word_1_186' title='bbox 1471 2793 1595 2844; x_wconf 88' lang='lat' dir='ltr'>obiit</span> <span class='ocrx_word' id='word_1_187' title='bbox 1617 2808 1748 2843; x_wconf 87' lang='lat' dir='ltr'>anno</span> 
     </span>
    </p>
   </div>
  </div>
 </body>
</html>
