1971 3263
456 267 539 317 vfii
913 281 1120 316 PRAEvm
1155 282 1315 318 opum

457 399 579 457 quot
600 389 844 440 mensium
866 388 1039 438 labore
1075 392 1306 456 improbo
1342 397 1602 442 assecutus
1635 409 1760 443 sum.

459 492 630 546 Quum
669 496 830 538 autem
873 488 1114 538 infinitam
1159 507 1317 555 prope
1353 492 1610 540 materiam
1647 491 1764 540 rudi

457 606 607 654 opere
632 589 1005 652 congessissem,
1041 590 1094 638 id
1119 589 1239 637 mihi
1266 589 1459 637 scilicet
1488 591 1766 639 curandum

457 689 564 747 fuit,
601 696 658 736 ut
680 689 730 736 in
756 706 872 737 suas
905 706 1123 753 quaeque
1158 690 1317 747 sedeS,
1355 705 1383 736 e
1421 689 1604 752 quibus
1645 689 1767 738 anti-

458 789 626 853 quitus
664 795 806 837 erant
840 795 1104 848 commota,
1139 789 1460 838 restituerem.
1531 788 1768 853 Namque

458 889 501 938 is
529 889 615 954 qui
643 890 885 939 Codicem
902 890 1081 938 iterum
1098 889 1312 954 scripsit,
1342 887 1624 938 incredibili
1651 904 1770 952 qua-

459 990 575 1037 dam
609 989 979 1054 perturbatione
1021 990 1140 1038 solio
1185 995 1365 1038 cuncta
1409 987 1765 1045 commissouit,

458 1088 779 1152 materiaeque
803 1089 1027 1137 ordinem
1055 1090 1117 1137 de
1142 1089 1270 1137 libro
1294 1089 1521 1138 funditus
1546 1087 1766 1137 sustulit.

453 1186 790 1236 Accedebant
841 1188 1063 1251 ingentes
1115 1189 1324 1246 lacunae,
1369 1189 1468 1238 loci
1520 1187 1765 1245 difficiles,

458 1288 638 1335 menda
654 1304 803 1350 quam
822 1287 1066 1350 plurima:
1101 1289 1343 1351 quodque
1358 1294 1511 1352 caput
1529 1293 1619 1344 est,
1638 1301 1769 1335 nova

461 1385 710 1448 scriptura
745 1385 896 1432 veteri
939 1385 1224 1449 superiecta
1260 1392 1450 1434 tantum
1491 1384 1770 1434 facessebat

459 1484 729 1547 negotium,
767 1491 823 1530 ut
847 1483 1161 1531 iracundiam
1184 1501 1244 1532 ac
1271 1484 1586 1532 stomachum
1611 1484 1662 1532 in
1685 1484 1769 1532 ab·

460 1583 809 1632 surdissimum
843 1583 1050 1632 Codicis
1075 1589 1413 1648 corruptorem
1436 1583 1521 1631 vix
1553 1583 1769 1632 contiue-

458 1699 579 1732 rem.
661 1681 794 1730 Tum
841 1684 907 1730 ad
949 1689 1222 1730 extremum
1270 1682 1502 1730 ordinata
1543 1682 1764 1740 materia,

456 1799 615 1848 quum
639 1782 747 1830 eins
770 1782 1176 1845 magnitudinem,
1212 1783 1565 1847 praestantiam,
1604 1782 1767 1847 splen-

461 1883 737 1945 doremque
776 1882 1010 1939 intuerer,
1046 1883 1210 1930 facere
1245 1899 1344 1931 non
1380 1890 1606 1948 poteram
1647 1882 1768 1946 quin

459 1998 573 2030 eum
597 1981 1021 2045 sapientissimum
1045 1981 1221 2030 Virum
1245 1983 1451 2030 summis
1474 1982 1767 2046 iteratisque

460 2080 699 2130 laudibus
740 2082 1152 2140 commendarem,
1190 2100 1220 2130 a
1255 2100 1357 2147 quo
1391 2090 1492 2130 tam
1525 2083 1767 2147 praeclara

459 2182 736 2231 studiorum
784 2182 1073 2230 adiumenta
1125 2182 1271 2231 nobis
1311 2183 1427 2231 olim
1476 2188 1766 2247 comparata

460 2289 600 2331 sunt:
640 2282 964 2330 FEDERICUM
998 2282 1113 2330 dico
1151 2281 1521 2331 CARDINALEM
1556 2281 1766 2330 BoRRo-

451 2398 641 2439 MAEUM,
679 2381 1193 2430 munificentissimum
1231 2379 1624 2429 Mediolanensis
1666 2379 1765 2428 Ec-

455 2480 620 2528 clesiae
646 2480 961 2539 Pontificem,
998 2489 1048 2530 et
1086 2481 1304 2529 omnium
1330 2488 1609 2545 temporum
1640 2480 1766 2529 cele-

456 2579 706 2627 brandum
725 2581 976 2629 memoria.
1028 2581 1230 2645 Quippe
1255 2597 1416 2643 quum·
1433 2581 1561 2628 duos-
1585 2597 1765 2644 genue-

455 2677 520 2725 rit
544 2678 831 2727 Borromaea
855 2679 993 2727 Gens
1024 2678 1309 2727 verissimos
1346 2678 1529 2726 Patriae
1567 2679 1760 2738 Patres,

456 2775 725 2826 CAROLUM
751 2779 1031 2837 sanctitate,
1071 2779 1392 2827 FEDERICUM
1418 2779 1652 2828 doctrina
1682 2797 1764 2828 ex-
