1971 3263
653 296 1016 329 DISSERTATIO.
1358 281 1481 330 xxiii

178 410 462 467 temporum
495 408 544 450 et
578 405 854 452 scribarum
894 405 1083 453 incuria
1121 404 1248 451 male
1281 404 1482 451 habitus

178 509 268 549 est.
338 502 396 549 In
422 509 636 566 utroque
660 514 778 552 sunt
802 506 989 552 lacunae
1023 506 1172 552 niodo
1201 504 1480 559 verborum,

175 602 328 649 modo
345 604 713 650 sententiarum.
785 603 842 650 In
859 613 1075 666 utroque
1090 620 1189 650 non
1206 619 1318 651 raro
1340 602 1485 650 Com-

175 701 444 748 mentarius
464 711 538 749 est
560 703 829 765 acephalus
849 711 934 749 aut
952 702 1176 749 mutilus.
1248 703 1415 756 Quare
1433 701 1482 748 in

175 801 490 847 emendando
515 809 600 847 aut
626 801 928 848 declarando
954 800 1164 847 Pediani
1192 808 1337 847 textu
1364 806 1485 846 stre-

176 915 323 946 nuam
348 915 550 962 operam
578 908 854 962 posuerunt
883 898 1158 947 doctissimi
1182 899 1269 945 viri
1296 898 1484 945 Guliel-

174 1013 284 1042 mus
310 997 549 1052 Budaeus,
590 997 848 1044 Lodoicus
882 997 1116 1051 Alvarus,
1156 997 1349 1044 Paulus
1373 996 1482 1044 Ma-

173 1094 359 1151 nutius,
399 1094 611 1142 Carolus
654 1095 903 1158 Sigonius,
943 1095 1177 1142 Andreas
1217 1095 1479 1153 Patricius,

176 1194 479 1242 Franciscus
504 1195 780 1250 Fabricius,
811 1194 994 1241 Petrus
1021 1193 1263 1250 Nannffls,
1298 1194 1482 1241 Petrus

177 1293 448 1349 Danesius,
485 1294 546 1341 T.
583 1294 778 1357 Popma
819 1294 1077 1355 Phrysius,
1117 1294 1335 1341 Iacobus
1361 1293 1485 1341 Cru-

176 1393 337 1456 quius,
375 1392 598 1440 Thomas
634 1393 858 1448 Crenius,
898 1395 985 1439 sed
1028 1393 1314 1456 praecipuus
1357 1394 1484 1440 inter

175 1491 297 1539 alios
337 1491 639 1538 Franciscus
679 1491 1047 1548 Hotomannus,
1086 1509 1302 1555 quorum
1342 1508 1483 1555 paene

175 1589 393 1637 omnium
425 1589 794 1636 Adnotationes
821 1590 1047 1637 Editioni
1083 1590 1291 1637 Asconii
1315 1589 1482 1651 Lugd.

175 1688 349 1736 Batav.
389 1689 503 1735 anni
545 1705 818 1737 MDchxv.
860 1690 1244 1752 subiunguntur.
1316 1688 1484 1741 Quan-

173 1793 275 1834 tam
299 1787 596 1835 medicinam
622 1797 791 1837 nostro
821 1790 997 1837 Codici
1022 1790 1208 1837 inedito
1237 1806 1328 1836 nos
1359 1790 1484 1836 fece-

173 1886 342 1943 rimuS,
381 1905 443 1934 ex
467 1888 613 1935 Notis
640 1889 819 1936 nostris
843 1890 1048 1952 patebit.
1122 1888 1355 1950 Denique
1376 1895 1482 1934 tum

172 1985 221 2032 in
263 1986 400 2033 calce
444 1985 710 2035 Parisiacae
749 1988 1000 2036 Editionis
1037 1988 1151 2035 anni
1177 2003 1349 2034 MDxx.
1375 1996 1483 2033 tum

173 2086 236 2132 ab
262 2086 468 2133 Andrea
504 2086 719 2135 Patricio
760 2088 810 2135 in
843 2087 978 2134 Edit.
1018 2088 1182 2150 Lugd.
1221 2088 1395 2134 Batav.
1431 2104 1478 2149 p.

171 2190 281 2232 284.
305 2201 564 2232 monemur
589 2186 797 2233 Asconii
824 2187 969 2233 verba
1001 2203 1129 2249 aegre
1154 2186 1407 2232 interdum
1432 2185 1481 2232 in

173 2283 447 2331 Codicibus
467 2302 494 2331 a
521 2285 777 2334 Ciceronis
797 2287 960 2334 verbis
982 2286 1237 2348 distingui.
1312 2285 1371 2333 Id
1392 2285 1481 2331 mi-

169 2383 219 2430 hi
259 2400 473 2446 quoque,
513 2386 635 2432 dum
673 2385 914 2432 Codicem
950 2385 1300 2441 exscriberem,
1340 2385 1477 2431 haud

169 2499 280 2531 raro
301 2483 580 2531 molestiam
604 2495 654 2532 et
677 2485 1055 2548 perplexitatem
1083 2486 1297 2533 creabat.

234 2582 488 2630 Asconius
522 2583 672 2645 igitur
712 2601 918 2647 prorsus
960 2602 987 2631 a
1034 2585 1177 2633 nobis
1221 2586 1476 2633 iudicatur
1493 2591 1685 2628 Concludi-

1494 2647 1549 2671 ῐιιι-
1589 2643 1615 2673 A
1624 2652 1699 2674 sco-

167 2687 334 2728 noster
359 2682 621 2747 Interpres‚
658 2693 764 2731 tum
790 2692 992 2748 propter
1016 2686 1106 2732 lias
1138 2702 1308 2732 omnes
1343 2687 1471 2733 coni-
1491 2686 1587 2763 fffflf'
1607 2688 1700 2767 ζάιζ

1560 2750 1620 2776 Δ»μιν
1641 2750 1655 2765 ὲ

166 2784 378 2836 ecturas,
415 2788 519 2828 tum
546 2783 799 2847 praecipue
833 2784 896 2831 ob
931 2792 1158 2831 octavam
1194 2792 1241 2832 et
1275 2779 1700 2859 110113111·{{{‘{²{,¹]¹1¹,¹r¹}„

1491 2883 1588 2904 siano
1637 2884 1698 2916 pa-

166 2877 272 2926 Iam
313 2879 354 2927 si
388 2895 477 2928 Sua
515 2882 698 2945 cuique
735 2884 975 2946 Scriptori
1011 2893 1188 2932 natura
1222 2894 1311 2942 est,
1350 2904 1472 2933 suus
1491 2919 1680 2963 iimpscsto.
