1918 3254
648 289 749 323 PRO
785 287 967 323 SYLLA.
1397 286 1458 328 77

159 385 734 442 PROMULGATIS,e
758 392 815 433 ut
838 383 996 448 ipsius
1023 382 1172 430 etiam
1195 381 1460 430 verborum

156 472 334 519 faciam
357 470 670 518 mentionem.

223 553 287 601 SI
306 550 815 614 VELLEM‚inquit,
835 548 1035 596 APUT
1056 547 1195 595 VOS
1211 545 1462 595 VERBA

158 635 468 691 FACERE,
509 635 604 683 ET
650 635 698 682 A
743 631 957 680 VOBIS
1001 628 1461 685 POSTULARE‚

157 717 317 766 CUM
335 716 641 765 GENERE
659 713 925 764 SUMMO
947 712 1188 760 ORTUS
1209 711 1463 768 ESSEM,

157 800 253 847 ET
300 800 460 848 CUM
508 797 871 847 FRATREM
929 794 1280 844 PROPTER
1326 794 1503 854 VOS⁴

157 881 578 938 AMISISSEM,
623 881 770 929 NEC
817 878 1205 934 QUISQUAM
1249 877 1351 924 DE
1389 876 1464 924 .P.

156 963 517 1010 AFRICANI
555 963 648 1009 ET
688 963 943 1013 TIBERI
981 960 1313 1009 GRACCHI
1354 959 1467 1007 FA-

157 1044 389 1101 MILIA,
412 1043 560 1090 NISI
587 1044 735 1091 EGO
761 1044 855 1091 ET
877 1044 1079 1091 PUER
1100 1041 1466 1090 RESTARE-

160 1125 351 1183 MUS,f
404 1126 503 1173 UT
536 1125 1035 1173 -PATEREMINI
1087 1125 1235 1173 HOC
1289 1123 1467 1171 TEM-

107 1247 113 1252 .
159 1208 360 1256 PORE
397 1208 506 1256 ME
531 1208 970 1265 QUIESCERE,
998 1207 1098 1256 NE
1122 1208 1170 1255 A
1199 1207 1465 1255 STIRPE

157 1291 403 1340 GENUS
464 1290 826 1338 NOSTRUM
880 1290 1313 1345 INTERIRET,
1371 1289 1465 1336 ET

158 1373 284 1421 UTI
352 1373 638 1427 ALIQUA
711 1372 1065 1420 PROPAGO
1138 1372 1462 1420 GENERIS

159 1455 432 1504 NOSTRI
502 1455 838 1510 RELIQUA
911 1455 1166 1514 ESSET3
1249 1455 1463 1503 HAUD

157 1538 364 1586 SCIOg
424 1538 528 1586 AN
596 1538 1067 1587 LUBENTIBUS
1133 1538 1183 1586 A
1250 1538 1466 1587 VOBIS

157 1620 716 1670 IMPETRASSEM.

225 1704 451 1752 ETENIM
479 1720 535 1751 IN
563 1721 666 1754 QUA
694 1720 953 1753 CIVITATE
975 1722 1084 1753 REM
1103 1722 1328 1754 TANTAM
1349 1722 1464 1754 GES-

159 1804 325 1836 SERIM
357 1804 585 1845 MEMINI,
621 1805 675 1836 IN
716 1805 818 1838 QUA
857 1806 995 1836 URBE
1034 1805 1241 1837 VERSER
1279 1805 1465 1836 INTEL-

162 1887 316 1919 LEGO.
365 1871 601 1920 PLENUM
636 1888 818 1920 FORUM
847 1888 941 1920 EST
970 1889 1152 1921 EORUM
1183 1887 1461 1929 HOMINUM,

206 2078 220 2094 Φ
246 2074 361 2117 Leges
383 2073 422 2107 C.
439 2073 592 2107 Gracchi
618 2074 772 2117 agrariae,
799 2074 1048 2117 frumentariae,
1073 2078 1109 2108 et
1134 2075 1177 2108 de
1203 2075 1467 2118 magistratibus

160 2121 313 2162 notiores
329 2123 421 2160 sunt,
438 2131 545 2164 quam
561 2124 601 2154 ut
617 2121 850 2164 descriptione
867 2125 1005 2164 egeant.
1054 2121 1099 2154 V.
1125 2125 1243 2154 tamen
1261 2126 1356 2154 certe
1375 2122 1468 2155 Lixii

161 2166 355 2211 Epitomen
371 2166 447 2200 libri
466 2172 523 2200 Lx.
573 2167 778 2200 Orationem
807 2170 927 2200 autem
945 2167 1095 2200 Gracchi
1112 2167 1151 2201 de
1173 2167 1300 2213 legibus
1318 2167 1468 2212 promul-

158 2214 253 2259 gatis
269 2216 440 2246 memorat
453 2213 599 2253 Gellius,
617 2213 695 2247 Lib.
714 2223 764 2247 ix.
785 2217 836 2247 14.
854 2218 890 2246 ct
908 2223 941 2246 x.
955 2217 987 2248 3.
1006 2214 1140 2257 aliquot
1155 2214 1230 2246 eius
1244 2214 1467 2257 Fragmentis

161 2260 317 2303 prolatis.
366 2259 462 2292 Citat
487 2260 648 2293 eaindem
669 2259 876 2292 Orationem
901 2260 1008 2292 etiam
1035 2261 1163 2293 Festus
1185 2271 1262 2293 voc.
1279 2261 1465 2295 Ostentum.

162 2306 296 2340 Nostra
308 2310 427 2339 tamen
445 2306 633 2346 Particum,
651 2306 746 2349 quod
762 2306 926 2346 sciamus,
943 2306 1058 2339 adhuc
1075 2310 1149 2340 crat
1163 2305 1309 2341 inedita.

207 2351 219 2373 f
238 2352 402 2386 Tiberius
416 2352 643 2396 Sempronius
656 2353 840 2385 Gracchus
856 2353 899 2385 de
917 2353 1081 2386 Cornelia
1098 2354 1136 2386 P.
1152 2352 1308 2386 Africani
1323 2353 1466 2386 maioris

161 2399 234 2433 filia
258 2398 446 2432 duodecim
478 2399 632 2443 suscepit
658 2399 803 2432 liberos:
840 2399 902 2431 scd
936 2402 1035 2432 tauta
1059 2399 1198 2432 soboles
1223 2403 1360 2432 mature
1386 2407 1469 2433 cum

162 2445 269 2478 Patre
284 2445 357 2478 vita
373 2445 495 2478 functa
513 2448 578 2485 est,
599 2449 750 2488 excepta
766 2445 866 2485 Filia,
887 2456 994 2488 (mam
1011 2445 1129 2489 Scipio
1145 2445 1333 2479 Africanus
1357 2446 1470 2479 minor

162 2498 312 2524 uxorem
329 2490 443 2533 duxit,
468 2494 503 2525 ct
520 2492 596 2525 filiis
620 2492 760 2524 duobus
775 2491 918 2525 Tiberio
935 2495 971 2524 ot
995 2492 1092 2525 Caio.
1141 2492 1270 2525 Occiso
1292 2492 1328 2525 iu
1343 2492 1471 2525 Tribu-

163 2540 252 2571 natu
266 2537 420 2578 Tiberio,
444 2539 538 2571 solus
559 2550 578 2571 e
602 2538 767 2571 masculis
791 2538 963 2581 superfuit
978 2539 1100 2571 Frater
1116 2538 1224 2570 Caius
1238 2548 1321 2571 cum
1336 2538 1473 2572 Tiberii

164 2584 280 2624 filiolo,
297 2584 341 2617 de
358 2594 428 2627 quo
446 2584 591 2625 Gellius,
608 2585 686 2618 Lib.
705 2594 742 2618 Π.
759 2595 836 2628 cap.
854 2593 931 2617 xlv.
951 2585 987 2617 in
1004 2585 1081 2617 linc.
1130 2585 1249 2628 Atque
1271 2584 1366 2617 hunc
1384 2595 1470 2628 pue-

164 2640 241 2662 rum
255 2631 342 2663 forte
355 2629 412 2663 hic
424 2634 677 2664 commemorat
693 2630 811 2664 Caius.
852 2630 1018 2663 Ceterum
1033 2631 1243 2664 Plutarchus
1256 2631 1291 2663 in
1307 2630 1470 2664 Gracchis

164 2679 293 2718 narrat,
309 2676 374 2720 ipsi
391 2677 499 2710 etiam
515 2678 603 2711 Caio
627 2678 733 2711 tuisse
749 2677 907 2713 tiliolum.
923 2687 1030 2719 qumn
1046 2677 1210 2710 nimirum
1226 2687 1317 2710 uxor
1332 2677 1473 2710 Licinia

167 2732 273 2755 manu
285 2723 440 2765 tenebat,
457 2734 538 2757 cum
553 2734 566 2757 x
576 2724 625 2758 iro
637 2724 786 2759 occurrit
798 2724 840 2759 ad
856 2734 933 2758 cuin
945 2723 1206 2758 diuini-ationem
1220 2723 1417 2767 prodeunti,
1435 2726 1471 2756 in

166 2777 234 2812 qua
253 2768 442 2802 miserrime
459 2771 570 2813 periit.

214 2819 227 2840 'r'
252 2815 329 2849 Scio
347 2816 515 2860 supplosi.

1529 1713 1624 1746 Edit.

1523 1759 1568 1794 N.
1592 1763 1649 1794 28.
