1971 3263
442 283 500 327 1⁰2
915 283 1015 319 PRO
1043 283 1133 319 SCA
1140 284 1253 320 URO.

437 381 617 433 Pateat
639 400 752 432 vero
772 385 866 431 hoc
883 383 1164 446 perfugium
1182 384 1359 442 dolori,
1397 389 1567 450 pateat
1587 384 1731 433 iustis

436 467 700 530 querellis:
755 464 1031 513 coniuratio
1063 465 1111 512 vi
1176 466 1549 526 intercludatur,
1601 469 1735 517 obsi-

435 548 622 596 dietur¹
645 547 851 595 insidiis.
921 548 1104 612 Neque
1141 548 1237 596 hoc
1268 549 1319 596 in
1353 548 1526 598 Sardis
1559 551 1731 614 magis,

433 647 584 695 quam
626 631 673 677 in
709 630 886 688 Gallis,
922 630 972 678 in
1008 630 1164 687 Afris,
1202 629 1252 677 in
1291 630 1546 694 Hispanis.
1581 633 1735 682 Dam-

429 719 578 759 natus
603 719 676 760 est
700 711 760 760 L.
786 712 1075 760 Albuciusm
1100 719 1148 761 et
1185 713 1241 761 C.
1270 713 1644 776 Megaboccus¹¹
1669 733 1734 765 ex

432 793 676 852 Sardinia,
713 796 968 843 nonnullis
989 795 1136 844 etiam
1168 796 1493 844 laudantibus
1527 797 1736 846 Sardis?

429 876 510 926 Ita
532 879 678 925 fidem
705 879 941 927 maiorem
964 879 1175 927 varietas
1196 880 1308 943 ipsa
1324 879 1553 929 faciebat.
1614 880 1736 929 Tes-

429 961 568 1009 tibus
590 961 720 1008 enim.
745 962 916 1025 aequis,
955 962 1139 1010 tabulis
1176 962 1478 1026 incorruptis
1503 963 1734 1011 teneban-

427 1048 527 1091 tur.
565 1043 718 1091 Nunc
742 1052 819 1092 est
842 1062 942 1091 una
964 1061 1076 1102 vox,
1103 1061 1203 1091 una
1223 1061 1359 1092 mens
1376 1061 1473 1094 non
1495 1062 1735 1109 expressa

429 1126 603 1174 dolore
636 1127 724 1175 sed
758 1127 1002 1184 simulata,
1043 1144 1204 1191 neque
1227 1128 1378 1175 liuius
1410 1127 1603 1177 iniuriis
1643 1130 1733 1177 sed

428 1210 690 1274 promissis
714 1210 924 1258 aliorum
948 1217 998 1258 et
1015 1210 1230 1274 praemiis
1268 1211 1502 1258 excitata.
1543 1211 1613 1259 At
1636 1228 1735 1259 cre-

429 1291 586 1340 ditum
613 1299 689 1340 est
712 1293 985 1355 aliquando
1020 1292 1205 1349 Sardis,
1245 1302 1294 1340 et
1325 1295 1536 1341 fortasse
1570 1295 1737 1342 crede-

427 1381 511 1422 tur
533 1375 835 1439 aliquando:
875 1374 915 1422 si
939 1375 1116 1436 integri
1140 1374 1374 1432 venerint,
1413 1375 1454 1423 si
1477 1376 1737 1441 incorrup-

425 1457 478 1514 ti,
517 1458 557 1504 si
597 1474 689 1504 sua
725 1462 919 1520 sponte,
958 1455 997 1502 si
1036 1472 1137 1504 non
1179 1456 1391 1505 alicuius
1435 1457 1654 1521 inpulsu,
1693 1459 1735 1507 si

427 1539 594 1595 soluti,
618 1539 658 1586 si
677 1538 834 1587 liberi.
889 1539 1014 1593 Quae
1039 1539 1079 1586 si
1102 1545 1262 1596 erunt,
1288 1546 1454 1587 tamen
1478 1540 1573 1588 sibi
1597 1540 1734 1589 credi

424 1623 677 1686 gaudeant
698 1628 745 1669 et
764 1621 1020 1669 mirentur.
1077 1622 1206 1669 Cum
1226 1637 1342 1669 vero
1367 1621 1532 1671 omnia
1553 1623 1732 1681 absint,

425 1714 608 1761 tamen,
647 1721 698 1752 se
729 1721 830 1752 non
864 1704 1145 1768 respicient,
1194 1721 1294 1752 non
1329 1704 1492 1768 gentis
1524 1721 1627 1752 suae
1663 1705 1733 1753 fa-

423 1805 555 1836 mam
582 1787 997 1852 perhorrescent?

471 1946 479 1967 ¹
504 1948 592 1981 Cod.
610 1946 803 1981 obsidiatur.

470 1998 493 2014 ¹¹¹
508 1995 565 2027 De
584 1995 625 2027 L.
643 1994 796 2028 Albucio
814 1993 874 2037 qui
897 1993 1093 2027 Sardiniam
1107 1994 1201 2027 rexit
1216 1993 1294 2027 vide
1312 1993 1469 2027 Divinat.
1487 1994 1523 2026 in
1537 1994 1638 2028 Vcrr.
1653 2003 1731 2028 mx.

424 2040 486 2074 ubi
505 2041 633 2074 dicitnr
648 2041 754 2073 fuisse
772 2040 936 2073 defensus
953 2051 973 2073 a
990 2040 1030 2074 C.
1048 2040 1140 2073 Iulio
1156 2041 1191 2073 in
1219 2051 1327 2073 causa
1352 2051 1422 2084 qua
1444 2043 1565 2074 tamen
1593 2041 1732 2084 cecidit,

424 2090 466 2120 ut
481 2091 578 2131 patet
595 2098 641 2120 ex
657 2088 782 2120 eodem
797 2086 967 2120 Cicerone
979 2086 1014 2119 in
1029 2086 1147 2120 Pison.
1159 2096 1317 2120 xxxviii.
1355 2090 1375 2103 “
1389 2086 1562 2120 Albucius
1587 2098 1670 2121 cum
1694 2087 1732 2120 iu

426 2135 447 2149 “
474 2133 634 2167 Sardinia
665 2133 926 2177 triumphasset,
956 2132 1081 2166 Romae
1109 2133 1298 2167 damnatus
1323 2133 1409 2167 est.'’
1456 2132 1549 2167 Vide
1563 2134 1670 2167 etiam
1687 2134 1731 2168 dc

424 2179 528 2214 Prov.
545 2180 688 2214 Consul.
707 2189 772 2214 vii.
786 2180 846 2212 ubi
861 2179 1037 2213 indicatur
1050 2179 1193 2212 Albucii
1209 2180 1350 2213 crimen.

471 2231 486 2246 ¹¹
512 2227 593 2260 Hoc
621 2237 752 2260 nomen
778 2226 929 2259 occurrit
959 2226 1054 2269 apud
1084 2226 1159 2259 Cic.
1177 2235 1215 2259 11.
1244 2227 1289 2259 ad
1313 2226 1423 2259 Attio.
1440 2229 1472 2260 7.
1497 2225 1519 2243 “
1537 2224 1731 2269 Megaboc-

423 2274 446 2291 “
472 2273 559 2307 chus
575 2276 611 2306 et
626 2274 705 2307 haec
721 2272 945 2316 sanguinaria
958 2273 1122 2306 iuventus
1140 2272 1382 2306 inimicissima
1406 2272 1492 2305 est.'’
1537 2271 1732 2315 Megabac-

424 2320 531 2355 chum
563 2322 649 2363 (una
680 2320 795 2353 littera
827 2318 980 2359 diversa)
1008 2322 1205 2352 memorant
1234 2319 1443 2352 Plutarchus
1467 2318 1504 2351 in
1529 2317 1670 2359 Crasso,
1695 2321 1732 2352 ct

425 2367 668 2410 Appianusde
682 2366 762 2399 bell.
777 2366 888 2410 parth.
907 2375 941 2398 n.
961 2368 1036 2403 145,
1062 2369 1103 2398 ut
1126 2365 1240 2399 virum
1266 2365 1374 2398 animi
1397 2364 1606 2398 celsitudine
1636 2368 1672 2398 ct
1696 2364 1730 2397 vi

424 2413 578 2458 corporis
593 2413 779 2455 insignem,
793 2413 854 2456 qui
868 2413 905 2445 111
918 2422 961 2445 ea
976 2412 1104 2445 infesta
1119 2423 1239 2456 pugna
1255 2421 1335 2444 cum
1353 2410 1491 2444 Parthis
1508 2410 1551 2443 ad
1569 2410 1730 2452 Can-has,

424 2462 592 2504 seipsum
609 2459 765 2493 confodit
782 2470 874 2493 anno
897 2459 1058 2503 proximo
1079 2462 1160 2502 post
1175 2459 1266 2492 hanc
1284 2457 1489 2490 Orationem
1513 2467 1535 2489 a
1559 2457 1731 2491 Cicerone

423 2507 566 2540 dictam.

471 2559 484 2573 ⁰
510 2553 594 2587 Mos
609 2552 676 2587 fuit
691 2554 732 2585 ut
747 2563 839 2594 reus,
862 2554 992 2596 praeter
1007 2553 1185 2596 patronos,
1199 2549 1399 2583 laudatores
1413 2548 1519 2582 etiam
1537 2548 1730 2583 adhiberet.

424 2600 477 2634 Hi
500 2600 596 2633 suere
625 2599 815 2639 interdum,
841 2599 869 2631 si
887 2609 942 2631 res
970 2598 1020 2631 113
1047 2597 1162 2637 ferret,
1186 2595 1346 2630 homines
1371 2595 1614 2639 provinciales,
1640 2606 1729 2639 quos

425 2647 573 2689 singulae
600 2645 761 2679 civitates
786 2645 829 2678 ab
851 2655 893 2678 eo
919 2644 1185 2683 administratae,
1209 2653 1292 2676 cum
1308 2642 1451 2686 publica
1464 2641 1667 2675 laudatione
1684 2642 1731 2675 ad

425 2692 682 2726 sublevandum
698 2691 959 2735 τείρει-1011111111
975 2689 1175 2723 mittebant.
1221 2689 1268 2722 V.
1300 2688 1483 2732 sigonium
1512 2688 1556 2721 dc
1584 2687 1731 2722 Iudiciis

425 2738 506 2773 Lib.
525 2748 565 2772 11.
583 2749 660 2783 cap.
676 2748 752 2773 xix·
778 2741 814 2772 ct
844 2748 901 2772 ex.
933 2747 984 2781 gr.
1008 2735 1230 2771 laudationes
1257 2735 1378 2770 Flacci
1404 2735 1440 2769 in
1469 2734 1567 2769 Orat.
1597 2745 1660 2780 pro
1686 2745 1730 2769 eo

425 2795 504 2830 cap.
523 2794 582 2819 xi.
