1971 3263
819 278 868 324 ix

198 415 306 448 sese
341 404 623 461 genuerant,
664 397 752 460 qui
782 412 978 443 omnem
1014 410 1285 457 graecarum
1321 394 1503 441 littera-

197 499 307 530 rum
354 488 507 544 atque
565 480 740 527 artium
788 476 986 526 laudem
1029 496 1130 525 una
1183 493 1298 525 cum
1378 491 1503 522 reim

196 563 402 627 imperio
456 564 519 610 ad
575 580 627 610 se
678 562 1065 618 transtulerant3
1121 576 1251 607 nunc
1305 559 1506 605 demum

197 646 348 694 tantis
380 645 624 693 barbariae
660 644 902 692 fluctibus
927 644 1088 690 obruti
1120 649 1253 698 sunt,
1293 649 1348 688 ut
1372 641 1505 703 apud

197 727 332 792 ipsas
391 735 586 775 exteras
619 734 794 790 gentes
828 724 1035 772 inscitiae
1068 725 1253 772 invidia
1292 723 1508 770 infamia-

200 827 302 874 que
327 811 606 873 flagrarent.
644 809 801 871 Igitur
824 808 959 870 apud
984 823 1074 853 nos
1094 807 1508 869 squalueregym-

197 893 350 949 nasia,
394 895 552 939 forum
596 892 736 946 luxit,
773 890 1015 938 subsellia
1050 897 1204 952 atque
1229 889 1418 936 iudicia
1451 887 1509 935 si-

202 976 429 1022 luerunt:
489 975 679 1021 infinita
719 975 918 1021 demum
979 972 1215 1019 libroruin
1263 971 1507 1035 supellex,

203 1057 373 1105 fractis
406 1057 557 1121 plane
592 1074 649 1105 ac
681 1057 884 1104 deiectis
922 1055 1164 1102 Italorum
1197 1054 1417 1117 ingeniis,
1445 1055 1506 1101 ad

205 1140 445 1188 occiduas
472 1147 521 1188 et
545 1140 770 1188 boreales
794 1138 1019 1186 nationes
1046 1146 1219 1184 avecta
1236 1145 1326 1184 est.

268 1224 454 1271 Verum
478 1224 604 1271 inter
637 1228 709 1270 tot
731 1238 913 1285 genera
936 1220 1175 1275 cladium,
1204 1219 1393 1282 quibus
1417 1219 1515 1265 Ve-

204 1313 367 1354 terum
396 1306 587 1369 scripta
610 1305 875 1368 perierunt,
903 1304 1037 1351 haud
1068 1303 1172 1350 scio
1197 1320 1257 1349 an
1288 1302 1370 1348 illa
1397 1318 1515 1365 prae-

206 1389 358 1453 cipua
391 1388 607 1435 dicenda
627 1389 702 1443 sit,
729 1388 867 1450 quod
893 1403 1049 1449 quum
1076 1387 1137 1432 ad
1164 1402 1407 1433 summam
1435 1386 1517 1432 bo-

204 1488 381 1518 narum
411 1471 586 1517 artium
612 1470 955 1532 ignorantiam,
989 1475 1211 1516 extrema
1243 1469 1390 1515 etiam
1423 1469 1517 1515 for-

205 1559 438 1600 tunarum
460 1552 670 1615 penuria
688 1552 994 1606 accessisset,
1016 1553 1416 1599 membranarum
1443 1568 1518 1597 ve-

211 1641 294 1682 tus
332 1633 578 1696 scriptura
616 1642 703 1681 aut
735 1634 933 1696 scalpro
976 1651 1087 1680 rasa
1129 1641 1217 1680 aut
1262 1633 1517 1680 ablutione

210 1716 426 1781 depulsa
447 1723 535 1771 est,
569 1732 671 1778 quo
687 1716 917 1764 nimirum
940 1734 1079 1765 novae
1098 1716 1356 1779 scriptioni
1375 1717 1516 1763 locus

210 1801 262 1848 in
287 1800 462 1848 eodem
501 1799 754 1846 volumine
789 1808 1064 1863 pararetur.
1135 1798 1258 1851 Quae
1289 1814 1368 1844 res
1404 1814 1517 1845 curn

212 1883 285 1931 ¹sit
314 1883 522 1931 veritate
561 1881 848 1939 certissima,
887 1898 949 1928 ne
978 1881 1076 1928 fide
1098 1887 1261 1927 tamen
1290 1896 1430 1943 paene
1452 1879 1522 1926 in-

213 1965 468 2013 credibilis
507 1965 744 2021 videatur,
784 1965 1118 2028 reputandum
1141 1970 1217 2010 est
1240 1962 1372 2009 idem
1398 1977 1519 2025 quo-

215 2048 486 2096 dammodo
519 2054 570 2095 et
612 2047 824 2095 nummis
858 2053 907 2094 et
937 2045 1149 2110 picturis
1185 2051 1235 2092 et
1260 2044 1438 2092 statuis
1474 2051 1522 2092 et

215 2130 453 2178 universae
501 2130 884 2178 architectorum
926 2129 1018 2176 arti
1057 2126 1318 2175 accidisse.
1389 2125 1519 2174 Nam

219 2221 268 2261 et
291 2229 492 2260 recusos
519 2229 761 2268 nummos,
792 2221 842 2260 et
867 2212 1066 2260 tabulas
1096 2210 1439 2274 interpolatas,
1474 2218 1525 2258 et

223 2296 363 2358 signa
386 2296 585 2350 refecta,
623 2302 674 2343 et
706 2297 915 2343 aedificia
939 2296 1113 2344 alienis
1135 2296 1311 2342 usibus
1334 2312 1526 2343 acconi-

221 2380 422 2427 modata
449 2378 558 2441 quis
584 2378 783 2426 demum
810 2378 1037 2441 ignorat?
1106 2378 1207 2426 Sed
1230 2378 1350 2425 utin
1375 2379 1527 2441 scrip-

222 2469 336 2509 tura
373 2461 624 2516 sistamus,
663 2461 800 2525 apud
827 2461 1046 2517 Graecos,
1085 2477 1212 2523 quos
1241 2460 1397 2508 serius
1420 2462 1530 2509 bar-

225 2543 386 2591 baries
406 2543 665 2605 corripuit,
685 2542 899 2599 saeculis,
922 2543 1122 2590 demum
1142 2543 1270 2590 infra
1297 2544 1531 2592 duodeci-

226 2642 361 2673 mum
388 2642 416 2672 a
441 2625 643 2672 Christo
662 2632 780 2672 nato
799 2641 855 2671 ea
877 2626 1030 2688 pestis
1055 2626 1104 2672 in
1127 2625 1282 2673 libros
1306 2636 1530 2689 grassata

228 2714 336 2755 est.⁰
403 2707 591 2754 Verum
627 2707 764 2770 apud
790 2706 970 2755 latinos
994 2707 1093 2755 iam
1115 2707 1234 2755 inde
1257 2725 1286 2755 a.
1320 2707 1532 2771 septimo

507 2887 519 2902 Ω
546 2882 781 2917 Montfaucon
799 2883 971 2927 Pajaeogr.
993 2884 1109 2918 Graec.
1134 2887 1259 2929 p.3l9.
