1971 3263
649 308 1022 343 mssnn'rxno.
1325 291 1483 339 xxxiii

171 422 352 473 consul
374 421 616 470 suffectus
655 421 750 470 fuit
787 437 902 470 cum
946 417 1105 467 Lucio
1130 415 1322 464 Tiberii
1353 432 1482 465 anno

171 522 404 572 decimo.a
473 521 548 569 M.
569 529 735 570 autem
761 518 972 583 Apicius
989 517 1030 563 is
1048 522 1138 572 est,
1165 532 1315 579 quem
1330 515 1484 564 nomi-

168 628 292 670 nant
332 621 434 669 Dio
472 637 604 669 LVII.
634 627 708 669 19.
779 616 988 665 Tacitus
1017 615 1202 663 Annal.
1237 630 1310 663 1v.
1345 631 1397 672 1.‚
1432 622 1484 663 et

171 738 325 785 quem
368 721 649 768 Athenaeus
685 718 800 766 Lib.
840 732 876 764 1.
917 733 965 779 p.
1009 723 1054 764 7.
1089 715 1273 763 diserte
1293 715 1362 763 ait
1385 715 1481 763 sub

169 820 376 869 Tiberio
402 819 604 868 vixisse.
678 817 781 865 Cur
801 831 918 877 ergo
942 813 1162 878 respexit
1179 813 1392 861 Vossius
1417 812 1482 860 ad

170 920 394 967 Blaesum
430 918 672 964 minorem
710 916 761 962 in
799 913 1038 963 Historiis
1069 912 1233 960 Taciti
1267 911 1484 960 nomina-

166 1023 286 1073 tum,
312 1032 477 1078 neque
521 1030 776 1077 umquam,
823 1013 965 1075 quod
1019 1011 1322 1058 meminerim
1371 1027 1485 1059 con-

164 1114 326 1164 sulem
350 1113 674 1177 appellatum,
702 1112 870 1176 potius
889 1127 1040 1175 quam
1061 1111 1127 1157 ad
1153 1110 1478 1173 superiorem,

168 1213 336 1262 Seiani
367 1213 682 1269 avunculum,
726 1210 949 1276 potentia
980 1209 1323 1274 praevalidum,
1352 1209 1484 1258 Afri-

170 1328 241 1360 cae
277 1313 663 1376 proconsulem,c
687 1313 930 1376 quodque
955 1310 1111 1373 magis
1126 1310 1191 1357 ad
1212 1326 1317 1357 rem
1347 1308 1482 1365 facit,

166 1413 459 1460 consulatus
479 1413 667 1460 honore
689 1411 978 1473 insignitum
996 1411 1014 1457 ?

234 1511 384 1558 Unus
408 1520 484 1559 est
503 1512 653 1573 igitur
671 1510 944 1566 Asconius,
970 1509 1204 1573 idemque
1218 1508 1478 1557 Ciceronis
1497 1522 1588 1604 ADe
1604 1524 1702 1578 apici

168 1611 435 1675 Interpres‚
461 1610 653 1673 Virgilii
681 1617 731 1657 et
755 1609 920 1656 Asinii
947 1609 1081 1656 Galli
1105 1609 1321 1666 auditor,
1347 1609 1476 1657 Livii
1496 1581 1705 1698 ffiffiiiizmclon-

212 1809 228 1825 ³
251 1804 298 1838 V.
310 1805 377 1839 Art
393 1805 436 1838 de
447 1803 582 1837 verifier
594 1803 646 1838 les
662 1804 776 1836 Dates
792 1803 896 1836 Tom.
915 1812 937 1835 1.
955 1814 988 1846 p.
1005 1805 1084 1836 351.
1103 1804 1139 1835 et
1156 1802 1332 1842 Mul-ator,
1349 1802 1481 1835 Annal.

167 1851 250 1885 Ital.
266 1851 374 1884 Porro
393 1851 457 1883 hoc
485 1861 578 1883 anno
605 1850 712 1883 L'rbis
730 1859 936 1883 DCCLxxvi.
983 1848 1119 1882 Tiberii
1140 1848 1280 1881 decimo
1307 1847 1482 1881 Consules

167 1897 337 1930 ordinarii
354 1898 495 1930 fuerunt
512 1897 654 1930 Asinius
675 1895 791 1930 Pollio
808 1900 844 1929 et
864 1896 1036 1928 Antistius
1054 1895 1163 1928 Vetus.
1225 1895 1379 1927 Antistio
1392 1903 1482 1937 prae-

165 1953 298 1978 nomen
314 1943 391 1977 Caii
414 1943 583 1987 plerique,
609 1946 738 1986 praeter
754 1942 1018 1983 Blanehinium,
1036 1942 1218 1975 tribuunt:
1245 1941 1306 1974 sed
1335 1941 1481 1974 Lucium

166 1990 276 2024 fuisse
297 1994 442 2034 apparet
459 2001 504 2022 ex
521 1990 636 2033 lapide
661 1989 755 2032 apud
779 1989 1016 2022 Muratorium
1037 1988 1131 2022 Nov.
1145 1989 1176 2021 T
1179 1988 1316 2021 besaur.
1332 1987 1480 2032 Inscrip.

169 2045 264 2070 ecel.
278 2039 311 2070 4.
360 2036 442 2076 Quo
460 2036 536 2068 loco
555 2035 780 2069 doctissimus
804 2035 1036 2068 Mutatiorius
1053 2035 1130 2067 baec
1148 2038 1267 2068 notat:
1295 2039 1316 2050 ⁴⁶
1331 2034 1412 2067 Non
1425 2038 1482 2068 est

168 2084 189 2100 “
207 2083 434 2126 corrigendus
454 2082 694 2119 Blancbinius,
718 2082 813 2125 quod
844 2081 995 2115 Antistio
1024 2081 1136 2114 Veteri
1152 2091 1357 2124 praenomen
1375 2080 1478 2114 Lucii

164 2130 187 2147 ⁴‘
204 2129 346 2162 tribuat.
390 2128 505 2161 Immo
536 2127 660 2171 reliqui
687 2128 894 2171 corrigendi,
923 2127 983 2171 qui
1010 2126 1128 2160 Caium
1156 2127 1257 2160 illum
1287 2126 1478 2170 appellant.

167 2177 190 2194 “
208 2176 322 2209 Pluris
339 2175 468 2219 quippe
495 2180 547 2208 est
562 2176 596 2208 in
611 2175 706 2207 bisce
733 2175 838 2208 rebus
856 2174 1046 2207 auctoritas
1061 2173 1163 2206 unius
1181 2173 1317 2217 antiqui
1339 2172 1481 2206 indubi-

168 2221 272 2256 “tati
299 2222 436 2264 lapidis,
464 2221 499 2254 iu
527 2232 597 2265 quo
621 2221 721 2254 firma
746 2230 885 2264 semper
905 2223 959 2253 est
984 2220 1155 2263 scriptura
1167 2230 1274 2263 quam
1292 2218 1480 2262 Codicum,

168 2270 189 2286 ‘⁴
201 2279 351 2312 quorum
370 2268 510 2301 fortuna
523 2267 679 2300 obnoxia
695 2271 748 2300 est
764 2267 938 2300 erroribus
955 2266 1174 2299 librariorum
1191 2276 1231 2298 ac
1245 2264 1482 2309 typographo-

167 2317 189 2333 “
205 2325 297 2356 rum,
314 2315 443 2358 quibus
461 2314 563 2348 facile
581 2314 645 2347 fuit
677 2324 724 2346 ex
750 2313 929 2347 vicinitate
956 2313 1078 2346 sormae
1108 2313 1148 2345 L.
1177 2316 1213 2344 et
1229 2312 1268 2345 C.
1286 2322 1398 2345 unum
1414 2322 1479 2355 pro

165 2362 278 2397 altero
292 2361 462 2404 accipere,
479 2364 515 2393 et
533 2360 678 2394 Lucium
703 2360 738 2392 in
753 2359 872 2393 Caium
891 2359 1110 2392 immutare.”
1160 2358 1348 2391 Habemus
1371 2357 1480 2401 igitur

164 2408 234 2442 hoc
246 2418 340 2441 anno
356 2407 538 2441 consulem
557 2407 710 2441 Lucium.
759 2406 864 2439 Adde
881 2406 975 2449 quod
1002 2405 1192 2439 Frontinus
1208 2404 1248 2437 de
1260 2404 1479 2449 Aquoeducti-

166 2453 227 2488 hus
252 2454 365 2497 (Edit.
381 2453 534 2488 Plautia.
559 2457 657 2488 1607.
684 2452 761 2486 Lib.
781 2453 816 2486 11.
832 2463 865 2496 p.
883 2452 976 2494 ll9‚)
991 2451 1098 2484 habet
1112 2451 1276 2484 consules
1293 2450 1336 2484 L.
1349 2449 1482 2484 Marti-

166 2513 226 2534 um
248 2503 286 2534 et
300 2499 492 2534 Antistium
511 2501 669 2535 Veterem.
689 2499 815 2533 Lucius
831 2502 950 2532 autem
977 2497 1132 2532 Martius
1158 2497 1224 2530 suit
1251 2496 1398 2541 quidam
1411 2496 1482 2531 suf-

169 2547 295 2581 fectus.

215 2593 342 2627 Iunius
364 2593 505 2626 Blaesus
519 2592 585 2626 fuit
606 2592 694 2625 item
706 2592 826 2625 consul
846 2592 1014 2625 suffectus
1030 2591 1095 2625 hoc
1112 2601 1217 2631 anuo,
1228 2593 1269 2623 ut
1281 2591 1422 2623 constat
1433 2600 1483 2624 ex

168 2638 287 2683 lapide
298 2649 413 2683 nuper
435 2639 582 2672 laudato
603 2639 699 2682 apud
715 2639 965 2677 Muratorium,
981 2649 1026 2671 ex
1049 2649 1119 2682 quo
1130 2637 1246 2681 lapide
1261 2636 1369 2669 etiam
1383 2636 1483 2670 vide-

169 2688 229 2718 tur
253 2685 420 2719 suffectus
444 2685 586 2719 Blaesus
615 2685 778 2719 kalendis
803 2684 884 2718 Iuli.
941 2685 997 2718 En
1028 2685 1135 2728 igitur
1160 2683 1307 2718 lunium
1319 2682 1481 2717 Blaesum

170 2731 352 2764 consulem
367 2742 450 2765 cum
466 2731 592 2771 Lucio,
618 2734 660 2765 ut
687 2731 815 2766 Suidas
832 2731 892 2771 ait,
915 2734 951 2764 et
967 2731 1113 2775 quidem
1138 2730 1204 2764 sub
1226 2729 1385 2772 Tiberio,
1410 2738 1482 2774 quo

172 2781 332 2822 tempore
347 2778 490 2811 vivebat
503 2778 563 2811 ille
576 2777 631 2812 M.
645 2778 806 2824 Apicius
819 2782 861 2812 ut
876 2777 1042 2812 diximus.

219 2828 234 2844 ⁰
253 2823 369 2858 Tacit.
385 2823 514 2859 Annal.
531 2824 582 2858 nl.
598 2827 656 2860 35.

783 2886 893 2935 C2
