<?xml version="1.0" encoding="UTF-8"?>
<!DOCTYPE html PUBLIC "-//W3C//DTD XHTML 1.0 Transitional//EN"
    "http://www.w3.org/TR/xhtml1/DTD/xhtml1-transitional.dtd">
<html xmlns="http://www.w3.org/1999/xhtml" xml:lang="en" lang="en">
 <head>
  <title>
</title>
<meta http-equiv="Content-Type" content="text/html;charset=utf-8" />
  <meta name='ocr-system' content='tesseract 3.04.00' />
  <meta name='ocr-capabilities' content='ocr_page ocr_carea ocr_par ocr_line ocrx_word'/>
</head>
<body>
  <div class='ocr_page' id='page_1' title='image "./sexorationumfrag00ciceuoft_0097.png"; bbox 0 0 1971 3263; ppageno 0'>
   <div class='ocr_carea' id='block_1_1' title="bbox 636 272 1482 324">
    <p class='ocr_par' dir='ltr' id='par_1_1' title="bbox 636 272 1482 324">
     <span class='ocr_line' id='line_1_1' title="bbox 636 272 1482 324; baseline 0 -4"><span class='ocrx_word' id='word_1_1' title='bbox 636 287 694 321; x_wconf 88' lang='lat' dir='ltr'><strong>DI</strong></span> <span class='ocrx_word' id='word_1_2' title='bbox 702 287 1007 324; x_wconf 76' lang='lat' dir='ltr'><strong>SSERTATIO.</strong></span> <span class='ocrx_word' id='word_1_3' title='bbox 1308 272 1482 320; x_wconf 84' lang='lat' dir='ltr'><strong>xxxvii</strong></span> 
     </span>
    </p>
   </div>
   <div class='ocr_carea' id='block_1_2' title="bbox 161 395 1485 2542">
    <p class='ocr_par' dir='ltr' id='par_1_2' title="bbox 161 395 1485 2542">
     <span class='ocr_line' id='line_1_2' title="bbox 170 395 1485 453; baseline -0.002 -8"><span class='ocrx_word' id='word_1_4' title='bbox 170 401 431 453; x_wconf 83' lang='lat' dir='ltr'><strong>noscatur,</strong></span> <span class='ocrx_word' id='word_1_5' title='bbox 462 395 570 444; x_wconf 90' lang='lat' dir='ltr'><strong>eius</strong></span> <span class='ocrx_word' id='word_1_6' title='bbox 597 412 771 445; x_wconf 87' lang='lat' dir='ltr'><strong>omnes</strong></span> <span class='ocrx_word' id='word_1_7' title='bbox 792 398 981 446; x_wconf 82' lang='lat' dir='ltr'><strong>litteras</strong></span> <span class='ocrx_word' id='word_1_8' title='bbox 1015 396 1063 444; x_wconf 91' lang='lat' dir='ltr'><strong>in</strong></span> <span class='ocrx_word' id='word_1_9' title='bbox 1098 395 1213 444; x_wconf 87' lang='lat' dir='ltr'>libri</span> <span class='ocrx_word' id='word_1_10' title='bbox 1235 395 1377 445; x_wconf 86' lang='lat' dir='ltr'><strong>calce</strong></span> <span class='ocrx_word' id='word_1_11' title='bbox 1399 411 1485 443; x_wconf 84' lang='lat' dir='ltr'><strong>ex—</strong></span> 
     </span>
     <span class='ocr_line' id='line_1_3' title="bbox 175 496 1482 561; baseline -0.001 -16"><span class='ocrx_word' id='word_1_12' title='bbox 175 512 324 545; x_wconf 86' lang='lat' dir='ltr'><strong>cusas</strong></span> <span class='ocrx_word' id='word_1_13' title='bbox 348 496 657 544; x_wconf 82' lang='lat' dir='ltr'><strong>exhibemus.</strong></span> <span class='ocrx_word' id='word_1_14' title='bbox 730 497 799 545; x_wconf 88' lang='lat' dir='ltr'><strong>Et</strong></span> <span class='ocrx_word' id='word_1_15' title='bbox 823 498 1025 561; x_wconf 88' lang='lat' dir='ltr'><strong>quidem</strong></span> <span class='ocrx_word' id='word_1_16' title='bbox 1046 497 1210 544; x_wconf 81' lang='lat' dir='ltr'><strong>littera</strong></span> <span class='ocrx_word' id='word_1_17' title='bbox 1232 496 1281 545; x_wconf 91' lang='lat' dir='ltr'><strong>A</strong></span> <span class='ocrx_word' id='word_1_18' title='bbox 1299 496 1406 544; x_wconf 90' lang='lat' dir='ltr'><strong>sine</strong></span> <span class='ocrx_word' id='word_1_19' title='bbox 1423 496 1482 544; x_wconf 90' lang='lat' dir='ltr'><strong>li·</strong></span> 
     </span>
     <span class='ocr_line' id='line_1_4' title="bbox 172 594 1478 644; baseline 0 -2"><span class='ocrx_word' id='word_1_20' title='bbox 172 595 321 643; x_wconf 85' lang='lat' dir='ltr'><strong>neola</strong></span> <span class='ocrx_word' id='word_1_21' title='bbox 343 602 622 644; x_wconf 75' lang='lat' dir='ltr'><strong>transversa</strong></span> <span class='ocrx_word' id='word_1_22' title='bbox 645 595 862 644; x_wconf 88' lang='lat' dir='ltr'><strong>occurrit</strong></span> <span class='ocrx_word' id='word_1_23' title='bbox 879 595 926 642; x_wconf 87' lang='lat' dir='ltr'><strong>in</strong></span> <span class='ocrx_word' id='word_1_24' title='bbox 951 596 1150 643; x_wconf 87' lang='lat' dir='ltr'><strong>schedis</strong></span> <span class='ocrx_word' id='word_1_25' title='bbox 1169 595 1408 644; x_wconf 81' lang='lat' dir='ltr'><strong>Livianis.</strong></span> <span class='ocrx_word' id='word_1_26' title='bbox 1426 594 1478 643; x_wconf 89' lang='lat' dir='ltr'><strong>in</strong></span> 
     </span>
     <span class='ocr_line' id='line_1_5' title="bbox 173 693 1481 759; baseline 0 -17"><span class='ocrx_word' id='word_1_27' title='bbox 173 693 382 757; x_wconf 85' lang='lat' dir='ltr'>Virgilio</span> <span class='ocrx_word' id='word_1_28' title='bbox 404 695 650 745; x_wconf 80' lang='lat' dir='ltr'><strong>Vaticano</strong></span> <span class='ocrx_word' id='word_1_29' title='bbox 674 712 821 759; x_wconf 89' lang='lat' dir='ltr'><strong>quem</strong></span> <span class='ocrx_word' id='word_1_30' title='bbox 847 694 1190 742; x_wconf 84' lang='lat' dir='ltr'><strong>Schelstratus</strong></span> <span class='ocrx_word' id='word_1_31' title='bbox 1223 695 1481 743; x_wconf 81' lang='lat' dir='ltr'><strong>adiudica-</strong></span> 
     </span>
     <span class='ocr_line' id='line_1_6' title="bbox 169 793 1478 861; baseline -0.001 -19"><span class='ocrx_word' id='word_1_32' title='bbox 169 793 240 842; x_wconf 83' lang='lat' dir='ltr'><strong>vit</strong></span> <span class='ocrx_word' id='word_1_33' title='bbox 259 795 444 843; x_wconf 86' lang='lat' dir='ltr'><strong>saeculo</strong></span> <span class='ocrx_word' id='word_1_34' title='bbox 464 795 692 858; x_wconf 86' lang='lat' dir='ltr'><strong>Septimii</strong></span> <span class='ocrx_word' id='word_1_35' title='bbox 720 795 919 852; x_wconf 57' lang='lat' dir='ltr'><strong>Severif</strong></span> <span class='ocrx_word' id='word_1_36' title='bbox 937 795 987 842; x_wconf 89' lang='lat' dir='ltr'><strong>in</strong></span> <span class='ocrx_word' id='word_1_37' title='bbox 1011 794 1219 861; x_wconf 76' lang='lat' dir='ltr'>Virgilio</span> <span class='ocrx_word' id='word_1_38' title='bbox 1242 793 1478 842; x_wconf 88' lang='lat' dir='ltr'><strong>Mediceo</strong></span> 
     </span>
     <span class='ocr_line' id='line_1_7' title="bbox 169 894 1479 959; baseline 0 -17"><span class='ocrx_word' id='word_1_39' title='bbox 169 895 283 943; x_wconf 86' lang='lat' dir='ltr'><strong>etin</strong></span> <span class='ocrx_word' id='word_1_40' title='bbox 299 894 720 958; x_wconf 87' lang='lat' dir='ltr'><strong>Inscriptionibus</strong></span> <span class='ocrx_word' id='word_1_41' title='bbox 736 895 989 959; x_wconf 83' lang='lat' dir='ltr'>sepulchri</span> <span class='ocrx_word' id='word_1_42' title='bbox 1008 894 1301 959; x_wconf 82' lang='lat' dir='ltr'><strong>Pompeiani</strong></span> <span class='ocrx_word' id='word_1_43' title='bbox 1315 911 1479 959; x_wconf 87' lang='lat' dir='ltr'><strong>nuper</strong></span> 
     </span>
     <span class='ocr_line' id='line_1_8' title="bbox 165 993 1479 1058; baseline 0.001 -18"><span class='ocrx_word' id='word_1_44' title='bbox 165 993 233 1041; x_wconf 76' lang='lat' dir='ltr'><strong>ab</strong></span> <span class='ocrx_word' id='word_1_45' title='bbox 256 993 590 1042; x_wconf 87' lang='lat' dir='ltr'><strong>eruditissimo</strong></span> <span class='ocrx_word' id='word_1_46' title='bbox 616 994 836 1042; x_wconf 92' lang='lat' dir='ltr'><strong>Millinio</strong></span> <span class='ocrx_word' id='word_1_47' title='bbox 867 994 1052 1051; x_wconf 75' lang='lat' dir='ltr'><strong>editis‚&#39;³⁷</strong></span> <span class='ocrx_word' id='word_1_48' title='bbox 1089 994 1302 1058; x_wconf 84' lang='lat' dir='ltr'><strong>aliisque</strong></span> <span class='ocrx_word' id='word_1_49' title='bbox 1325 994 1479 1057; x_wconf 87' lang='lat' dir='ltr'><strong>pluri-</strong></span> 
     </span>
     <span class='ocr_line' id='line_1_9' title="bbox 167 1092 1477 1157; baseline 0 -15"><span class='ocrx_word' id='word_1_50' title='bbox 167 1093 261 1142; x_wconf 85' lang='lat' dir='ltr'><strong>mis</strong></span> <span class='ocrx_word' id='word_1_51' title='bbox 291 1094 630 1142; x_wconf 86' lang='lat' dir='ltr'><strong>monumentis</strong></span> <span class='ocrx_word' id='word_1_52' title='bbox 675 1094 1044 1157; x_wconf 82' lang='lat' dir='ltr'><strong>antiquissimis.</strong></span> <span class='ocrx_word' id='word_1_53' title='bbox 1114 1092 1161 1140; x_wconf 93' lang='lat' dir='ltr'>E</span> <span class='ocrx_word' id='word_1_54' title='bbox 1191 1103 1241 1140; x_wconf 84' lang='lat' dir='ltr'><strong>et</strong></span> <span class='ocrx_word' id='word_1_55' title='bbox 1280 1093 1324 1141; x_wconf 89' lang='lat' dir='ltr'>F</span> <span class='ocrx_word' id='word_1_56' title='bbox 1360 1110 1477 1142; x_wconf 88' lang='lat' dir='ltr'><strong>cum</strong></span> 
     </span>
     <span class='ocr_line' id='line_1_10' title="bbox 165 1190 1473 1257; baseline 0 -18"><span class='ocrx_word' id='word_1_57' title='bbox 165 1190 361 1240; x_wconf 88' lang='lat' dir='ltr'><strong>lineolis</strong></span> <span class='ocrx_word' id='word_1_58' title='bbox 375 1193 674 1242; x_wconf 85' lang='lat' dir='ltr'><strong>brevissimis</strong></span> <span class='ocrx_word' id='word_1_59' title='bbox 697 1194 747 1242; x_wconf 93' lang='lat' dir='ltr'><strong>in</strong></span> <span class='ocrx_word' id='word_1_60' title='bbox 770 1193 817 1240; x_wconf 83' lang='lat' dir='ltr'>V</span> <span class='ocrx_word' id='word_1_61' title='bbox 819 1193 945 1257; x_wconf 82' lang='lat' dir='ltr'><strong>irgil.</strong></span> <span class='ocrx_word' id='word_1_62' title='bbox 962 1192 1131 1240; x_wconf 82' lang='lat' dir='ltr'><strong>Vatic.</strong></span> <span class='ocrx_word' id='word_1_63' title='bbox 1154 1192 1204 1239; x_wconf 89' lang='lat' dir='ltr'><strong>in</strong></span> <span class='ocrx_word' id='word_1_64' title='bbox 1223 1192 1473 1256; x_wconf 83' lang='lat' dir='ltr'><strong>sepulchr.</strong></span> 
     </span>
     <span class='ocr_line' id='line_1_11' title="bbox 168 1289 1477 1357; baseline 0 -18"><span class='ocrx_word' id='word_1_65' title='bbox 168 1289 350 1355; x_wconf 85' lang='lat' dir='ltr'><strong>Pomp.</strong></span> <span class='ocrx_word' id='word_1_66' title='bbox 368 1291 496 1340; x_wconf 87' lang='lat' dir='ltr'><strong>Item</strong></span> <span class='ocrx_word' id='word_1_67' title='bbox 526 1293 590 1342; x_wconf 89' lang='lat' dir='ltr'><strong>G.</strong></span> <span class='ocrx_word' id='word_1_68' title='bbox 614 1310 732 1341; x_wconf 89' lang='lat' dir='ltr'><strong>cum</strong></span> <span class='ocrx_word' id='word_1_69' title='bbox 754 1293 946 1357; x_wconf 80' lang='lat' dir='ltr'><strong>virgula</strong></span> <span class='ocrx_word' id='word_1_70' title='bbox 967 1293 1158 1340; x_wconf 77' lang='lat' dir='ltr'><strong>inversa</strong></span> <span class='ocrx_word' id='word_1_71' title='bbox 1184 1291 1477 1340; x_wconf 83' lang='lat' dir='ltr'><strong>brevissima</strong></span> 
     </span>
     <span class='ocr_line' id='line_1_12' title="bbox 166 1389 1474 1455; baseline 0.002 -18"><span class='ocrx_word' id='word_1_72' title='bbox 166 1389 218 1438; x_wconf 89' lang='lat' dir='ltr'><strong>in</strong></span> <span class='ocrx_word' id='word_1_73' title='bbox 241 1406 435 1455; x_wconf 82' lang='lat' dir='ltr'>papyro</span> <span class='ocrx_word' id='word_1_74' title='bbox 454 1392 609 1439; x_wconf 86' lang='lat' dir='ltr'><strong>latina</strong></span> <span class='ocrx_word' id='word_1_75' title='bbox 629 1389 1036 1448; x_wconf 77' lang='lat' dir='ltr'><strong>Herculanensi‚¹²</strong></span> <span class='ocrx_word' id='word_1_76' title='bbox 1057 1392 1108 1439; x_wconf 92' lang='lat' dir='ltr'><strong>in</strong></span> <span class='ocrx_word' id='word_1_77' title='bbox 1132 1391 1272 1455; x_wconf 84' lang='lat' dir='ltr'><strong>Virg.</strong></span> <span class='ocrx_word' id='word_1_78' title='bbox 1307 1391 1474 1440; x_wconf 80' lang='lat' dir='ltr'><strong>Vatic.</strong></span> 
     </span>
     <span class='ocr_line' id='line_1_13' title="bbox 167 1466 1475 1553; baseline 0.002 -17"><span class='ocrx_word' id='word_1_79' title='bbox 167 1488 300 1537; x_wconf 86' lang='lat' dir='ltr'><strong>Vide</strong></span> <span class='ocrx_word' id='word_1_80' title='bbox 331 1490 481 1538; x_wconf 89' lang='lat' dir='ltr'><strong>etiam</strong></span> <span class='ocrx_word' id='word_1_81' title='bbox 519 1490 902 1539; x_wconf 86' lang='lat' dir='ltr'><strong>Dissertationis</strong></span> <span class='ocrx_word' id='word_1_82' title='bbox 938 1489 1135 1553; x_wconf 84' lang='lat' dir='ltr'><strong>Isagog.</strong></span> <span class='ocrx_word' id='word_1_83' title='bbox 1172 1492 1237 1538; x_wconf 84' lang='lat' dir='ltr'><strong>ad</strong></span> <span class='ocrx_word' id='word_1_84' title='bbox 1264 1466 1475 1540; x_wconf 77' lang='lat' dir='ltr'><strong>Hereul.</strong></span> 
     </span>
     <span class='ocr_line' id='line_1_14' title="bbox 163 1586 1476 1655; baseline 0.005 -21"><span class='ocrx_word' id='word_1_85' title='bbox 163 1586 365 1635; x_wconf 90' lang='lat' dir='ltr'><strong>Volum.</strong></span> <span class='ocrx_word' id='word_1_86' title='bbox 402 1587 463 1635; x_wconf 94' lang='lat' dir='ltr'><strong>P.</strong></span> <span class='ocrx_word' id='word_1_87' title='bbox 493 1594 534 1636; x_wconf 91' lang='lat'><strong>1.</strong></span> <span class='ocrx_word' id='word_1_88' title='bbox 558 1589 688 1637; x_wconf 87' lang='lat' dir='ltr'><strong>Tab.</strong></span> <span class='ocrx_word' id='word_1_89' title='bbox 725 1605 824 1638; x_wconf 79' lang='lat' dir='ltr'><strong>vn.</strong></span> <span class='ocrx_word' id='word_1_90' title='bbox 862 1598 906 1639; x_wconf 91' lang='lat'><strong>7.</strong></span> <span class='ocrx_word' id='word_1_91' title='bbox 933 1590 1168 1638; x_wconf 83' lang='lat' dir='ltr'><strong>Formam</strong></span> <span class='ocrx_word' id='word_1_92' title='bbox 1207 1590 1476 1655; x_wconf 81' lang='lat' dir='ltr'><strong>adspiratae</strong></span> 
     </span>
     <span class='ocr_line' id='line_1_15' title="bbox 165 1685 1474 1752; baseline 0.002 -16"><span class='ocrx_word' id='word_1_93' title='bbox 165 1685 218 1736; x_wconf 90' lang='lat' dir='ltr'>H</span> <span class='ocrx_word' id='word_1_94' title='bbox 240 1686 439 1735; x_wconf 85' lang='lat' dir='ltr'><strong>notabis</strong></span> <span class='ocrx_word' id='word_1_95' title='bbox 472 1686 699 1745; x_wconf 87' lang='lat' dir='ltr'><strong>similem,</strong></span> <span class='ocrx_word' id='word_1_96' title='bbox 725 1688 954 1752; x_wconf 85' lang='lat' dir='ltr'><strong>quamvis</strong></span> <span class='ocrx_word' id='word_1_97' title='bbox 977 1688 1396 1752; x_wconf 84' lang='lat' dir='ltr'><strong>inelegantiorem‚</strong></span> <span class='ocrx_word' id='word_1_98' title='bbox 1422 1691 1474 1738; x_wconf 92' lang='lat' dir='ltr'><strong>in</strong></span> 
     </span>
     <span class='ocr_line' id='line_1_16' title="bbox 162 1786 1476 1851; baseline 0.004 -18"><span class='ocrx_word' id='word_1_99' title='bbox 162 1802 358 1851; x_wconf 80' lang='lat' dir='ltr'>papyro</span> <span class='ocrx_word' id='word_1_100' title='bbox 391 1786 762 1835; x_wconf 81' lang='lat' dir='ltr'><strong>Herculanensi</strong></span> <span class='ocrx_word' id='word_1_101' title='bbox 805 1788 976 1836; x_wconf 80' lang='lat' dir='ltr'><strong>latina.</strong></span> <span class='ocrx_word' id='word_1_102' title='bbox 1004 1787 1050 1836; x_wconf 95' lang='lat' dir='ltr'>L</span> <span class='ocrx_word' id='word_1_103' title='bbox 1085 1795 1134 1836; x_wconf 89' lang='lat' dir='ltr'><strong>et</strong></span> <span class='ocrx_word' id='word_1_104' title='bbox 1160 1788 1204 1837; x_wconf 91' lang='lat' dir='ltr'>F</span> <span class='ocrx_word' id='word_1_105' title='bbox 1223 1790 1476 1838; x_wconf 86' lang='lat' dir='ltr'><strong>excedunt</strong></span> 
     </span>
     <span class='ocr_line' id='line_1_17' title="bbox 162 1886 1475 1949; baseline 0.002 -14"><span class='ocrx_word' id='word_1_106' title='bbox 162 1886 473 1949; x_wconf 87' lang='lat' dir='ltr'><strong>superiorem</strong></span> <span class='ocrx_word' id='word_1_107' title='bbox 497 1888 671 1935; x_wconf 75' lang='lat' dir='ltr'><strong>versus</strong></span> <span class='ocrx_word' id='word_1_108' title='bbox 704 1887 899 1944; x_wconf 88' lang='lat' dir='ltr'><strong>lineam,</strong></span> <span class='ocrx_word' id='word_1_109' title='bbox 939 1894 995 1935; x_wconf 85' lang='lat' dir='ltr'><strong>ut</strong></span> <span class='ocrx_word' id='word_1_110' title='bbox 1026 1886 1078 1935; x_wconf 89' lang='lat' dir='ltr'><strong>in</strong></span> <span class='ocrx_word' id='word_1_111' title='bbox 1114 1888 1314 1936; x_wconf 89' lang='lat' dir='ltr'><strong>schedis</strong></span> <span class='ocrx_word' id='word_1_112' title='bbox 1341 1888 1475 1938; x_wconf 82' lang='lat' dir='ltr'><strong>Livi-</strong></span> 
     </span>
     <span class='ocr_line' id='line_1_18' title="bbox 163 1984 1474 2052; baseline 0.003 -19"><span class='ocrx_word' id='word_1_113' title='bbox 163 1984 287 2042; x_wconf 80' lang='lat' dir='ltr'><strong>anis,</strong></span> <span class='ocrx_word' id='word_1_114' title='bbox 315 1985 525 2050; x_wconf 84' lang='lat' dir='ltr'>Pparvo</span> <span class='ocrx_word' id='word_1_115' title='bbox 549 2003 666 2034; x_wconf 85' lang='lat' dir='ltr'><strong>cum</strong></span> <span class='ocrx_word' id='word_1_116' title='bbox 685 1987 866 2051; x_wconf 83' lang='lat' dir='ltr'><strong>capite,</strong></span> <span class='ocrx_word' id='word_1_117' title='bbox 891 1993 942 2035; x_wconf 88' lang='lat' dir='ltr'><strong>et</strong></span> <span class='ocrx_word' id='word_1_118' title='bbox 965 1988 1170 2051; x_wconf 89' lang='lat' dir='ltr'><strong>quidem</strong></span> <span class='ocrx_word' id='word_1_119' title='bbox 1206 1996 1381 2052; x_wconf 85' lang='lat' dir='ltr'><strong>aperto</strong></span> <span class='ocrx_word' id='word_1_120' title='bbox 1415 1996 1474 2037; x_wconf 90' lang='lat' dir='ltr'><strong>ut</strong></span> 
     </span>
     <span class='ocr_line' id='line_1_19' title="bbox 162 2084 1474 2150; baseline 0.003 -17"><span class='ocrx_word' id='word_1_121' title='bbox 162 2085 216 2134; x_wconf 89' lang='lat' dir='ltr'><strong>in</strong></span> <span class='ocrx_word' id='word_1_122' title='bbox 238 2084 377 2148; x_wconf 86' lang='lat' dir='ltr'><strong>Virg.</strong></span> <span class='ocrx_word' id='word_1_123' title='bbox 397 2085 561 2133; x_wconf 83' lang='lat' dir='ltr'><strong>Vatic.</strong></span> <span class='ocrx_word' id='word_1_124' title='bbox 584 2092 634 2134; x_wconf 93' lang='lat' dir='ltr'><strong>et</strong></span> <span class='ocrx_word' id='word_1_125' title='bbox 651 2085 759 2134; x_wconf 84' lang='lat' dir='ltr'><strong>aliis</strong></span> <span class='ocrx_word' id='word_1_126' title='bbox 782 2103 916 2150; x_wconf 84' lang='lat' dir='ltr'><strong>saepe</strong></span> <span class='ocrx_word' id='word_1_127' title='bbox 938 2086 1158 2150; x_wconf 83' lang='lat' dir='ltr'><strong>antiquis</strong></span> <span class='ocrx_word' id='word_1_128' title='bbox 1181 2104 1474 2137; x_wconf 85' lang='lat' dir='ltr'><strong>monumen-</strong></span> 
     </span>
     <span class='ocr_line' id='line_1_20' title="bbox 166 2184 1472 2252; baseline 0 -17"><span class='ocrx_word' id='word_1_129' title='bbox 166 2185 249 2236; x_wconf 79' lang='lat' dir='ltr'><strong>tis.</strong></span> <span class='ocrx_word' id='word_1_130' title='bbox 318 2184 345 2234; x_wconf 95' lang='lat' dir='ltr'>I</span> <span class='ocrx_word' id='word_1_131' title='bbox 370 2201 484 2233; x_wconf 88' lang='lat' dir='ltr'><strong>cum</strong></span> <span class='ocrx_word' id='word_1_132' title='bbox 523 2185 661 2233; x_wconf 71' lang='lat' dir='ltr'><strong>brevi</strong></span> <span class='ocrx_word' id='word_1_133' title='bbox 694 2184 826 2232; x_wconf 85' lang='lat' dir='ltr'><strong>linea</strong></span> <span class='ocrx_word' id='word_1_134' title='bbox 868 2184 1124 2249; x_wconf 77' lang='lat' dir='ltr'><strong>superiore</strong></span> <span class='ocrx_word' id='word_1_135' title='bbox 1171 2186 1308 2233; x_wconf 83' lang='lat' dir='ltr'><strong>utin</strong></span> <span class='ocrx_word' id='word_1_136' title='bbox 1345 2187 1472 2252; x_wconf 80' lang='lat' dir='ltr'><strong>Virg</strong></span> 
     </span>
     <span class='ocr_line' id='line_1_21' title="bbox 162 2283 1473 2350; baseline 0.002 -18"><span class='ocrx_word' id='word_1_137' title='bbox 162 2285 521 2350; x_wconf 81' lang='lat' dir='ltr'><strong>Vatic.papyr.</strong></span> <span class='ocrx_word' id='word_1_138' title='bbox 546 2285 632 2333; x_wconf 83' lang='lat' dir='ltr'><strong>lat.</strong></span> <span class='ocrx_word' id='word_1_139' title='bbox 660 2283 867 2332; x_wconf 86' lang='lat' dir='ltr'><strong>Hercul.</strong></span> <span class='ocrx_word' id='word_1_140' title='bbox 902 2284 1144 2349; x_wconf 84' lang='lat' dir='ltr'><strong>alibique.</strong></span> <span class='ocrx_word' id='word_1_141' title='bbox 1169 2284 1216 2331; x_wconf 91' lang='lat' dir='ltr'>V</span> <span class='ocrx_word' id='word_1_142' title='bbox 1247 2285 1378 2333; x_wconf 84' lang='lat' dir='ltr'><strong>linea</strong></span> <span class='ocrx_word' id='word_1_143' title='bbox 1410 2286 1473 2335; x_wconf 89' lang='lat' dir='ltr'><strong>si-</strong></span> 
     </span>
     <span class='ocr_line' id='line_1_22' title="bbox 161 2383 1470 2450; baseline 0 -16"><span class='ocrx_word' id='word_1_144' title='bbox 161 2384 319 2434; x_wconf 82' lang='lat' dir='ltr'><strong>nistra</strong></span> <span class='ocrx_word' id='word_1_145' title='bbox 344 2384 582 2433; x_wconf 84' lang='lat' dir='ltr'><strong>inclinata</strong></span> <span class='ocrx_word' id='word_1_146' title='bbox 603 2383 732 2432; x_wconf 87' lang='lat' dir='ltr'><strong>utin</strong></span> <span class='ocrx_word' id='word_1_147' title='bbox 763 2400 938 2448; x_wconf 80' lang='lat' dir='ltr'>papyr.</span> <span class='ocrx_word' id='word_1_148' title='bbox 975 2384 1061 2431; x_wconf 85' lang='lat' dir='ltr'><strong>lat.</strong></span> <span class='ocrx_word' id='word_1_149' title='bbox 1094 2384 1302 2433; x_wconf 90' lang='lat' dir='ltr'><strong>Hercul.</strong></span> <span class='ocrx_word' id='word_1_150' title='bbox 1330 2385 1470 2450; x_wconf 85' lang='lat' dir='ltr'><strong>Virg.</strong></span> 
     </span>
     <span class='ocr_line' id='line_1_23' title="bbox 163 2484 1472 2542; baseline 0.002 -10"><span class='ocrx_word' id='word_1_151' title='bbox 163 2484 329 2534; x_wconf 85' lang='lat' dir='ltr'><strong>Vatic.</strong></span> <span class='ocrx_word' id='word_1_152' title='bbox 369 2491 420 2533; x_wconf 90' lang='lat' dir='ltr'><strong>et</strong></span> <span class='ocrx_word' id='word_1_153' title='bbox 457 2484 710 2542; x_wconf 88' lang='lat' dir='ltr'><strong>Mediceo,</strong></span> <span class='ocrx_word' id='word_1_154' title='bbox 759 2484 849 2532; x_wconf 87' lang='lat' dir='ltr'><strong>sed</strong></span> <span class='ocrx_word' id='word_1_155' title='bbox 885 2484 935 2531; x_wconf 91' lang='lat' dir='ltr'><strong>in</strong></span> <span class='ocrx_word' id='word_1_156' title='bbox 972 2490 1146 2534; x_wconf 87' lang='lat' dir='ltr'><strong>nostro</strong></span> <span class='ocrx_word' id='word_1_157' title='bbox 1180 2485 1358 2533; x_wconf 88' lang='lat' dir='ltr'><strong>codice</strong></span> <span class='ocrx_word' id='word_1_158' title='bbox 1394 2495 1472 2534; x_wconf 85' lang='lat' dir='ltr'><strong>est</strong></span> 
     </span>
    </p>
   </div>
   <div class='ocr_carea' id='block_1_3' title="bbox 164 2584 942 2649">
    <p class='ocr_par' dir='ltr' id='par_1_3' title="bbox 164 2584 942 2649">
     <span class='ocr_line' id='line_1_24' title="bbox 164 2584 942 2649; baseline 0 -16"><span class='ocrx_word' id='word_1_159' title='bbox 164 2584 311 2649; x_wconf 84' lang='lat' dir='ltr'><strong>longe</strong></span> <span class='ocrx_word' id='word_1_160' title='bbox 337 2585 609 2649; x_wconf 83' lang='lat' dir='ltr'><strong>elegantior</strong></span> <span class='ocrx_word' id='word_1_161' title='bbox 629 2586 737 2634; x_wconf 84' lang='lat' dir='ltr'><strong>haec</strong></span> <span class='ocrx_word' id='word_1_162' title='bbox 761 2585 942 2634; x_wconf 84' lang='lat' dir='ltr'><strong>littera.</strong></span> 
     </span>
    </p>
   </div>
   <div class='ocr_carea' id='block_1_4' title="bbox 270 2785 1363 2880">
    <p class='ocr_par' dir='ltr' id='par_1_4' title="bbox 270 2785 1363 2880">
     <span class='ocr_line' id='line_1_25' title="bbox 270 2785 1363 2837; baseline 0.005 -15"><span class='ocrx_word' id='word_1_163' title='bbox 270 2785 282 2808; x_wconf 81' lang='lat'>¹</span> <span class='ocrx_word' id='word_1_164' title='bbox 301 2786 349 2822; x_wconf 88' lang='lat' dir='ltr'><strong>V.</strong></span> <span class='ocrx_word' id='word_1_165' title='bbox 358 2788 463 2825; x_wconf 82' lang='lat' dir='ltr'><strong>Praef.</strong></span> <span class='ocrx_word' id='word_1_166' title='bbox 478 2789 526 2824; x_wconf 84' lang='lat' dir='ltr'><strong>ad</strong></span> <span class='ocrx_word' id='word_1_167' title='bbox 539 2789 664 2833; x_wconf 73' lang='lat' dir='ltr'><strong>Virgil.</strong></span> <span class='ocrx_word' id='word_1_168' title='bbox 678 2789 798 2824; x_wconf 84' lang='lat' dir='ltr'><strong>Vatic.</strong></span> <span class='ocrx_word' id='word_1_169' title='bbox 816 2800 850 2834; x_wconf 89' lang='lat' dir='ltr'><strong>p.</strong></span> <span class='ocrx_word' id='word_1_170' title='bbox 864 2799 915 2823; x_wconf 79' lang='lat' dir='ltr'><strong>iv.</strong></span> <span class='ocrx_word' id='word_1_171' title='bbox 1055 2795 1071 2818; x_wconf 72' lang='lat'>3</span> <span class='ocrx_word' id='word_1_172' title='bbox 1095 2790 1246 2837; x_wconf 84' lang='lat' dir='ltr'><strong>Neapoli</strong></span> <span class='ocrx_word' id='word_1_173' title='bbox 1264 2793 1363 2827; x_wconf 83' lang='lat'><strong>1813.</strong></span> 
     </span>
     <span class='ocr_line' id='line_1_26' title="bbox 499 2834 1055 2880; baseline 0 -9"><span class='ocrx_word' id='word_1_174' title='bbox 499 2834 723 2880; x_wconf 55' lang='lat' dir='ltr'><strong>{Herculam</strong></span> <span class='ocrx_word' id='word_1_175' title='bbox 738 2836 883 2872; x_wconf 83' lang='lat' dir='ltr'><strong>Volum.</strong></span> <span class='ocrx_word' id='word_1_176' title='bbox 899 2835 1002 2872; x_wconf 88' lang='lat' dir='ltr'><strong>Tom.</strong></span> <span class='ocrx_word' id='word_1_177' title='bbox 1019 2836 1055 2872; x_wconf 86' lang='lat'><strong>11.</strong></span> 
     </span>
    </p>
   </div>
  </div>
 </body>
</html>
