1918 3254
674 270 730 304 ΙΝ
755 267 1031 305 VATINJUM.
1423 273 1516 318 123

209 375 450 425 senatum,
494 385 547 416 se
586 368 924 417 indicaturum
963 370 1236 436 plerosque
1272 372 1522 422 nobilissi-

206 470 315 502 mos
329 452 462 500 viros
479 452 541 499 de
558 451 900 500 interficiendo
917 451 1163 517 Pompeio
1179 454 1333 502 inisse
1351 456 1522 503 coniu-

207 535 464 583 rationem.
529 535 590 582 ld
606 551 785 598 nempe
799 534 1058 597 negotium
1083 537 1176 584 sibi
1195 537 1523 586 mandatum.h

207 617 362 666 Hunc
397 624 562 666 tamen
587 617 809 665 Vettium
843 617 890 664 in
940 634 1192 666 carcerem
1241 620 1523 668 coniectum

206 700 326 765 ipsis
351 701 669 766 potissimum
695 700 1002 757 auctoribUS‚
1030 700 1116 764 qui
1144 718 1256 748 eum
1296 703 1359 749 ad
1393 719 1525 750 men-

209 783 345 832 cium
369 782 756 831 subornassentst

277 865 351 914 .C.
384 865 677 913 CURIONEM
713 880 1039 914 PERPETUUM
1066 881 1285 915 HOSTEM
1335 883 1525 917 IMPRO-

213 963 447 995 onontm.

277 1028 348 1076 Et
376 1028 511 1076 hunc
543 1028 834 1077 .L.Vettius
865 1030 1147 1079 nominasse
1182 1032 1311 1080 inter
1335 1039 1526 1082 ceteros

210 1111 475 1160 videbatur
498 1110 652 1158 veluti
677 1111 943 1159 mandatae*
960 1113 1011 1159 in
1041 1113 1343 1176 Pompeium
1376 1117 1527 1164 caedis

214 1200 482 1242 auctorem.
551 1193 652 1248 Qui
675 1199 840 1240 tamen
870 1193 1022 1242 Curio
1045 1194 1317 1244 honorifice
1348 1215 1530 1246 nunca

214 1276 386 1325 Tullio
421 1273 728 1332 nominatur,¹
766 1292 880 1323 cum
916 1276 1230 1325 vehementer
1269 1286 1318 1326 et
1354 1297 1531 1345 aspere

218 1361 466 1408 laceratus
486 1359 549 1406 sit
567 1359 630 1406 ab
647 1359 823 1406 eodem
840 1359 888 1406 in
906 1358 1165 1417 Oratione,
1187 1377 1290 1424 qua
1304 1370 1354 1409 et
1370 1362 1532 1426 ipsum

218 1450 269 1491 et
293 1442 370 1490 .P.
392 1442 627 1500 Clodium
651 1442 946 1490 lacessivit.¹²¹

284 1527 391 1581 QUI
418 1542 550 1574 DUOS
578 1541 841 1574 NEFARIOS
868 1542 1073 1575 PATRIAE
1096 1543 1427 1576 PRODITORES
1449 1545 1534 1576 LE-

220 1623 380 1657 GIBUS
406 1624 858 1665 EXTERMINARAT.

262 1710 265 1713 ·
288 1690 370 1740 De
399 1689 474 1738 .L.
493 1690 698 1739 AEmilio
725 1691 904 1740 Paulo¹¹
929 1692 1067 1750 dicit,
1103 1694 1190 1756 qui
1214 1693 1534 1742 consulatum

221 1780 398 1839 postea
441 1789 556 1821 cum
593 1772 688 1821 M.⁰
727 1772 975 1823 Marcello
1007 1775 1164 1839 gessit
1199 1785 1315 1825 ante
1350 1792 1535 1824 annum

226 1969 302 2012 ipso
315 1971 351 2001 et
373 1967 521 2001 materia
534 1967 626 2001 hanc
643 1967 680 2001 in
706 1967 878 2002 Vatinium
905 1966 1088 2012 praecedit.
1137 1966 1319 2012 Siquidem
1347 1966 1384 2000 in
1404 1966 1536 2001 iudicio

226 2015 340 2048 Sextii
356 2014 522 2047 Vatinius
537 2013 638 2047 testis
661 2014 864 2056 productus,
882 2025 992 2057 quum
1018 2013 1187 2048 acerbum
1213 2014 1251 2047 in
1279 2024 1362 2047 eum
1379 2014 1537 2046 testimo-

226 2062 325 2095 nium
351 2061 509 2100 dixisset,
527 2060 591 2093 hac
608 2059 792 2093 Vatiniani
821 2061 990 2094 Oratione
1007 2071 1029 2094 a
1054 2059 1227 2095 Cicerone
1250 2059 1364 2094 Sexti1
1389 2063 1536 2104 patrono

227 2108 356 2141 deinde
371 2109 573 2149 exagitatus
589 2110 652 2140 est.

274 2153 288 2174 ¹¹
315 2154 402 2187 Cod.
421 2153 468 2186 Id
481 2165 582 2197 neque
597 2151 766 2198 negotium
784 2152 847 2186 sibi
859 2152 1041 2188 mandasse.

276 2200 279 2203 “
273 2201 352 2234 ¹V.
366 2201 457 2234 hanc
471 2199 678 2232 Orationem
693 2199 729 2232 in
746 2198 847 2232 Vatin
863 2209 925 2234 XI..

275 2246 290 2267 k
315 2246 403 2280 Cod.
419 2245 470 2279 vel
483 2246 646 2279 mandate.

277 2293 283 2313 ¹
310 2294 432 2327 Etiam
460 2293 532 2326 Act
556 2301 578 2325 ι.
603 2293 644 2325 in
670 2291 766 2325 Ver-r.
794 2301 859 2325 vu.
885 2292 934 2325 ait
951 2291 1096 2326 cicero.
1123 2291 1146 2309 “
1160 2291 1200 2326 C.
1217 2290 1336 2333 Curio,
1350 2302 1457 2337 quem
1472 2303 1539 2337 ego

229 2340 448 2374 “hominem
474 2338 614 2371 honoris
640 2338 768 2382 potius,
791 2349 899 2383 quam
924 2338 1152 2373 contumeliae
1183 2349 1292 2373 causa
1319 2339 1539 2374 nominatum

232 2387 381 2420 “vlolo’

278 2438 300 2453 ¹²
327 2432 446 2466 Huius
460 2431 653 2476 deperditae
668 2431 848 2465 orationis
864 2442 928 2465 nos
940 2431 1130 2476 particulas
1147 2441 1219 2466 non
1235 2441 1367 2476 paucas
1381 2431 1541 2475 superius

231 2480 418 2515 edidimus.

280 2531 295 2546 ¹
320 2526 408 2559 Cod.
426 2525 480 2558 .L.
493 2523 636 2558 AEmilio
654 2523 775 2564 Balbo,
792 2525 953 2558 sedbeue
968 2523 1113 2558 inferius
1125 2522 1257 2558 Paulus
1269 2538 1279 2558 .-
1308 2534 1415 2567 quare
1431 2527 1468 2558 et
1482 2523 1541 2558 hic

235 2572 501 2607 emendavimus
516 2570 640 2610 Paulo,
653 2581 762 2614 quum
780 2571 855 2615 ipse
873 2582 909 2604 se
924 2571 1074 2614 corrigat
1085 2575 1204 2604 noster
1215 2571 1404 2614 Interpres.

281 2625 296 2639 ⁰
319 2619 377 2653 lta
403 2618 528 2650 Codex
554 2617 621 2650 ,M
646 2616 824 2657 blan-ello,
854 2617 916 2650 sed
940 2617 1166 2650 scribendum
1196 2621 1250 2650 est
1275 2616 1327 2650 .C.
1355 2616 1540 2651 Marcello.

237 2667 330 2699 ¹Nam
341 2665 397 2697 hic
411 2664 634 2697 consulatum
650 2664 758 2706 gessit
772 2674 854 2696 cum
868 2663 1058 2697 L.AEmilio
1071 2663 1182 2697 Paulo
1199 2673 1293 2696 anno
1308 2663 1368 2707 qui
1382 2663 1541 2707 proxime

237 2712 368 2745 beilum
382 2711 482 2744 civile
496 2710 678 2753 praecessit
693 2710 853 2754 Pompeii
865 2714 901 2743 et
917 2710 1082 2746 Caesaris.
1127 2709 1174 2744 V.
1190 2709 1326 2753 Sigonii
1340 2709 1540 2743 Commeat.

238 2759 273 2791 in
307 2759 440 2791 Fastos.
471 2757 524 2790 M.
553 2762 674 2789 autem
689 2756 884 2790 Marcellus
905 2756 1019 2790 fuerat
1043 2756 1168 2790 consul
1193 2766 1276 2790 cum
1292 2756 1367 2791 Ser.
1384 2755 1541 2800 Sulpicio

241 2805 334 2838 Ruso
352 2814 444 2837 anno
461 2804 647 2848 superiore.

1597 1558 1693 1593 Edit.

1580 1604 1628 1639 N.

1646 1608 1703 1640 23.
