1918 3254
429 261 493 307 42
732 260 805 295 DE
843 259 964 295 AERE
997 255 1195 294 ALIENO
1231 259 1462 298 MILONIS.

435 357 695 406 Gloriatur
711 373 829 419 ergo
847 373 940 405 suo
956 356 1169 416 nomine,
1187 360 1327 422 quod
1344 360 1539 409 vivente
1552 359 1751 409 inimico

434 458 526 489 suo
554 440 735 489 Clodio
760 440 1019 488 restitutus
1043 440 1122 489 sit.

500 524 606 578 Qm
643 533 810 572 Armis
852 539 1133 572 csssISSEM
1176 537 1280 571 VEL
1318 539 1440 572 ‘rms
1482 530 1754 582 URBANIS‚³

434 621 551 663 VEL,
578 621 646 654 UT
670 620 869 655 OPINIO
893 622 1006 655 TUM
1033 618 1191 664 ERAT,
1218 607 1478 655 ALIENIS.¹²

496 688 770 737 Acerbitas
812 696 888 737 est
929 707 1033 754 qua
1059 729 1068 738 .
1097 727 1107 737 .
1134 727 1143 737 .
1178 689 1415 738 invidiam
1454 728 1464 738 .
1492 728 1502 742 ,
1524 728 1535 742 .
1564 690 1754 739 iamdiu

590 771 721 820 Milo
747 811 758 821 .
785 809 795 820 .
824 810 835 820 .

429 854 667 903 infirmior
711 856 838 903 fides
876 855 1209 904 reconciliatae
1251 856 1438 919 gratiae.
1531 855 1634 903 Sed
1672 854 1754 903 hie

431 938 644 986 oratorie
667 938 828 995 valde,
853 938 1032 1002 nequis
1055 939 1366 987 existimaret
1396 938 1544 1003 quasi
1565 939 1756 987 bonum

430 1020 616 1070 virum⁶
658 1020 938 1069 iudicatum
978 1039 1008 1068 a
1049 1021 1294 1085 Pompeio
1332 1039 1450 1079 eum,
1490 1038 1606 1070 eum
1652 1029 1755 1084 quo

432 1121 669 1153 exercere
684 1105 887 1152 desierit
903 1104 1180 1152 simultates
1193 1103 1224 1164 3⁶
1247 1104 1520 1168 invigilavit
1534 1103 1753 1161 Tullius,

430 1194 491 1236 ut
535 1204 646 1235 euin
692 1188 852 1236 virum
896 1187 1246 1235 cautissimum
1288 1186 1492 1243 diceret,
1531 1186 1619 1249 qui
1652 1197 1756 1233 non

430 1271 590 1334 magis
615 1272 679 1318 de
714 1272 814 1318 fide
850 1270 1018 1319 Clodii
1055 1277 1102 1318 et
1136 1269 1440 1325 innocentia,
1472 1285 1584 1333 quae
1613 1268 1758 1315 nulla

433 1353 510 1411 sit,
560 1370 711 1417 quam
752 1354 815 1400 de
853 1353 1173 1417 providentia
1210 1353 1397 1400 habeat
1435 1350 1755 1402 securitatem

429 1436 557 1494 vitae,
584 1452 700 1484 cum
725 1436 832 1484 eius
856 1436 1047 1484 insidiis
1070 1435 1240 1500 decipi
1262 1435 1438 1500 possit.

865 1561 1096 1630 Eoeplicit
1123 1559 1335 1607 Oratio.e

481 1796 496 1813 ³
521 1792 647 1826 Codex
663 1792 804 1825 videtur
818 1791 948 1825 habere
964 1792 1119 1825 vtmnnis.

480 1838 496 1860 b
519 1839 626 1872 Forte
653 1839 831 1872 Caesarem
856 1838 991 1872 indicat
1013 1839 1164 1879 Tullius,
1189 1839 1261 1882 qui,
1282 1840 1324 1871 ut
1347 1840 1466 1871 narrat
1482 1836 1697 1872 Plutarchus
1717 1837 1756 1871 in
1783 1877 1788 1882 Α

433 1887 556 1922 Cicer..
574 1886 602 1918 C
607 1886 740 1919 ladium
758 1886 893 1918 adiuvit
906 1885 949 1917 ad
968 1885 1177 1918 Ciceronem
1194 1885 1459 1928 expellendum.

481 1938 494 1953 ⁰
521 1933 647 1966 Codex
672 1934 692 1950 ‘⁴'
707 1932 807 1975 quasi
821 1932 915 1964 bono
928 1932 1002 1964 viro
1014 1932 1191 1965 iudicasse
1207 1931 1419 1974 Pompeium
1436 1940 1519 1964 curn
1536 1940 1618 1974 quo,
1635 1930 1728 1964 etc.”

480 1979 496 2000 d
521 1979 616 2013 Acta
632 1982 686 2012 est
701 1978 779 2011 haec
794 1989 902 2011 eausa
915 1978 954 2010 cle
967 1978 1054 2011 ,Ere
1063 1978 1171 2012 alieno
1183 1976 1338 2017 Milonis,
1352 1982 1393 2010 ut
1407 1977 1494 2018 dixi,
1511 1987 1553 2010 eo
1567 1977 1644 2020 ipso
1662 1987 1756 2010 anno

434 2037 506 2071 quo
522 2025 671 2059 Clodius
696 2025 824 2058 deiude
841 2024 978 2057 occisus
995 2027 1059 2058 est.
1107 2025 1186 2058 Iam
1202 2034 1286 2057 vero
1303 2024 1516 2068 Pompeium
1537 2033 1580 2057 eo
1597 2026 1756 2068 tempore

434 2084 507 2107 nou
520 2082 662 2116 prorsus
686 2071 793 2104 fuisse
819 2071 936 2104 animo
963 2071 1078 2104 alieno
1095 2082 1114 2103 a
1135 2070 1271 2111 Clodio,
1287 2074 1389 2114 patet
1413 2081 1458 2103 ex
1476 2070 1624 2104 Asconii
1640 2070 1757 2113 Argu-

432 2124 556 2153 mento
570 2118 781 2151 Miloniana)
792 2118 996 2161 praeposilo,
1005 2118 1066 2151 ubi
1078 2117 1207 2151 dicitur
1221 2117 1346 2150 Cicero
1359 2117 1515 2160 potuisse
1527 2116 1757 2149 offensionem

433 2166 588 2200 inimicae
616 2164 853 2197 multitudiuis
871 2164 1058 2204 declinare,
1076 2164 1248 2197 redimere
1274 2163 1381 2197 etiam
1408 2163 1477 2197 Gn.
1503 2163 1664 2207 Pompeii
1681 2162 1757 2196 ani-

434 2223 545 2253 mum,
573 2211 600 2243 si
625 2211 810 2255 paululum
834 2222 879 2244 ex
903 2211 1020 2244 studio
1044 2210 1259 2244 defendendi
1284 2210 1433 2244 Milonis
1456 2209 1658 2243 remisisset.
1706 2209 1756 2242 Et

434 2258 628 2303 Pompeius
641 2269 686 2291 ne
701 2257 783 2290 olim
800 2257 944 2301 quidem
960 2257 1128 2290 adversus
1143 2257 1312 2290 Clodium
1329 2257 1513 2290 adiuvemt
1530 2255 1755 2295 Ciceronem,

436 2316 547 2350 quum
564 2305 659 2338 hunc
676 2305 734 2337 ille
756 2304 919 2337 tribunus
935 2304 972 2336 in
1000 2304 1146 2337 exilium
1164 2304 1401 2347 compelleret.
1449 2303 1495 2335 V.
1523 2301 1755 2335 Plutarchum

434 2353 473 2386 in
486 2352 594 2386 Cicer.
642 2351 759 2384 Immo
773 2351 964 2394 Pompeius
977 2351 1104 2384 Clodio
1120 2350 1203 2383 olim
1215 2350 1350 2383 faverat
1360 2350 1406 2383 V.
1421 2353 1437 2382 l
1453 2349 1500 2383 ad
1511 2348 1638 2382 Famil.
1652 2348 1756 2392 epist.

434 2399 484 2432 ix.
511 2399 559 2432 Et
576 2398 692 2431 recole
709 2398 882 2439 superius,
897 2408 931 2440 p.
947 2400 993 2431 :36
1011 2402 1208 2431 extremam
1225 2400 1362 2441 partem
1379 2397 1486 2430 Notae
1509 2399 1537 2429 l.

483 2449 496 2465 *³
521 2445 669 2478 Certum
694 2448 747 2478 est
772 2443 829 2477 hic
858 2444 1037 2487 explicere
1063 2444 1273 2477 Orationem
1295 2443 1334 2476 de
1355 2442 1444 2476 [Ἑν-ε
1467 2441 1576 2475 alieno
1598 2438 1754 2474 Milonis.

435 2491 532 2525 Nam
549 2491 585 2524 iu
599 2491 726 2524 eadem
739 2490 914 2523 Columna
941 2490 1177 2525 subiiciuutur
1189 2490 1317 2525 verba:
1342 2489 1412 2524 Pro
1428 2489 1463 2524 A
1480 2487 1619 2526 Licinio
1636 2486 1754 2534 incipit

423 2538 589 2584 feliciter.
637 2538 778 2582 Nempe
795 2545 858 2582 pro
874 2536 1017 2571 Archia.
